
@book{aristotle_metaphysics_350bce,
  title = {Metaphysics},
  url = {http://classics.mit.edu/Aristotle/metaphysics.html},
  series = {1.4,985b10-15},
  author = {{Aristotle}},
  translator = {Ross, W. D.},
  date = {350 B.C.E},
  note = {type: classic},
}

@book{aristotle_physics_350bce,
  title = {Physics},
  url = {http://classics.mit.edu/Aristotle/physics.html},
  series = {6.1-3,231a21-234b10},
  author = {{Aristotle}},
  translator = {Hardie, R. P. and Gaye, R. K.},
  date = {350 B.C.E},
}

@book{dalton_new_1808,
  title = {A New System of Chemical Philosophy},
  url = {http://archive.org/details/newsystemofchemi11dalt},
  pagetotal = {248},
  publisher = {Manchester: Printed by S. Russell for R. Bickerstaff, Strand,
               London},
  author = {Dalton, John},
  editora = {{Smithsonian Libraries}},
  editoratype = {collaborator},
  urldate = {2024-06-12},
  date = {1808},
  keywords = {Chemistry, Inorganic},
}

@article{thomson_cathode_1897,
  title = {Cathode Rays},
  volume = {44},
  pages = {293--316},
  journaltitle = {Philosophical Magazine},
  author = {Thomson, J. J.},
  date = {1897},
}

@book{thomson_corpuscular_1907,
  title = {The Corpuscular Theory of Matter},
  publisher = {Scribner's Sons, New York},
  author = {Thomson, J. J.},
  date = {1907},
}

@article{rutherford_lxxix_1911,
  title = {{LXXIX}. The scattering of \${\textbackslash}alpha\$ and \${
           \textbackslash}beta\$ particles by matter and the structure of the
           atom},
  volume = {21},
  issn = {1941-5982},
  url = {https://doi.org/10.1080/14786440508637080},
  doi = {10.1080/14786440508637080},
  pages = {669--688},
  number = {125},
  journaltitle = {The London, Edinburgh, and Dublin Philosophical Magazine and
                  Journal of Science},
  author = {Rutherford, E.},
  urldate = {2024-06-12},
  date = {1911-05-01},
  note = {Publisher: Taylor \& Francis \_eprint:
          https://doi.org/10.1080/14786440508637080},
}

@article{chadwick_possible_1932,
  title = {Possible Existence of a Neutron},
  volume = {129},
  rights = {1932 Springer Nature Limited},
  issn = {1476-4687},
  url = {https://www.nature.com/articles/129312a0},
  doi = {10.1038/129312a0},
  abstract = {{IT} has been shown by Bothe and others that beryllium when
              bombarded by α-particles of polonium emits a radiation of great
              penetrating power, which has an absorption coefficient in lead of
              about 0.3 (cm.)−-1. Recently Mme. Curie-Joliot and M. Joliot found,
              when measuring the ionisation produced by this beryllium radiation
              in a vessel with a thin window, that the ionisation increased when
              matter containing hydrogen was placed in front of the window. The
              effect appeared to be due to the ejection of protons with
              velocities up to a maximum of nearly 3 × 109 cm. per sec. They
              suggested that the transference of energy to the proton was by a
              process similar to the Compton effect, and estimated that the
              beryllium radiation had a quantum energy of 50 × 106 electron
              volts.},
  pages = {312--312},
  number = {3252},
  journaltitle = {Nature},
  author = {Chadwick, J.},
  urldate = {2024-06-12},
  date = {1932-02},
  langid = {english},
  note = {Publisher: Nature Publishing Group},
  keywords = {Humanities and Social Sciences, multidisciplinary, Science},
}

@article{masson_xxiv_1921,
  title = {{XXIV}. The constitution of atoms},
  volume = {41},
  issn = {1941-5982},
  url = {https://doi.org/10.1080/14786442108636219},
  doi = {10.1080/14786442108636219},
  pages = {281--285},
  number = {242},
  journaltitle = {The London, Edinburgh, and Dublin Philosophical Magazine and
                  Journal of Science},
  author = {Masson, Orme},
  urldate = {2024-06-12},
  date = {1921-02-01},
  note = {Publisher: Taylor \& Francis \_eprint:
          https://doi.org/10.1080/14786442108636219},
  file = {Submitted Version:/home/dene/Zotero/storage/438VLML5/Masson - 1921 -
          XXIV. The constitution of atoms.pdf:application/pdf},
}

@article{gell-mann_schematic_1964,
  title = {A schematic model of baryons and mesons},
  volume = {8},
  issn = {0031-9163},
  url = {https://www.sciencedirect.com/science/article/pii/S0031916364920013},
  doi = {10.1016/S0031-9163(64)92001-3},
  pages = {214--215},
  number = {3},
  journaltitle = {Physics Letters},
  shortjournal = {Physics Letters},
  author = {Gell-Mann, M.},
  urldate = {2024-06-12},
  date = {1964-02-01},
  file = {ScienceDirect
          Snapshot:/home/dene/Zotero/storage/PQI5WYCQ/S0031916364920013.html:text/html
          },
}

@article{aad_observation_2012,
  title = {Observation of a new particle in the search for the Standard Model
           Higgs boson with the {ATLAS} detector at the {LHC}},
  volume = {716},
  issn = {0370-2693},
  url = {https://www.sciencedirect.com/science/article/pii/S037026931200857X},
  doi = {10.1016/j.physletb.2012.08.020},
  pages = {1--29},
  number = {1},
  journaltitle = {Physics Letters B},
  shortjournal = {Physics Letters B},
  author = {Aad, G. and Abajyan, T. and Abbott, B. and Abdallah, J. and Abdel
            Khalek, S. and Abdelalim, A. A. and Abdinov, O. and Aben, R. and Abi,
            B. and Abolins, M. and {AbouZeid}, O. S. and Abramowicz, H. and Abreu
            , H. and Acharya, B. S. and Adamczyk, L. and Adams, D. L. and Addy,
            T. N. and Adelman, J. and Adomeit, S. and Adragna, P. and Adye, T.
            and Aefsky, S. and Aguilar-Saavedra, J. A. and Agustoni, M. and
            Aharrouche, M. and Ahlen, S. P. and Ahles, F. and Ahmad, A. and Ahsan
            , M. and Aielli, G. and Akdogan, T. and Åkesson, T. P. A. and Akimoto
            , G. and Akimov, A. V. and Alam, M. S. and Alam, M. A. and Albert, J.
            and Albrand, S. and Aleksa, M. and Aleksandrov, I. N. and Alessandria
            , F. and Alexa, C. and Alexander, G. and Alexandre, G. and
            Alexopoulos, T. and Alhroob, M. and Aliev, M. and Alimonti, G. and
            Alison, J. and Allbrooke, B. M. M. and Allport, P. P. and
            Allwood-Spiers, S. E. and Almond, J. and Aloisio, A. and Alon, R. and
            Alonso, A. and Alonso, F. and Altheimer, A. and Alvarez Gonzalez, B.
            and Alviggi, M. G. and Amako, K. and Amelung, C. and Ammosov, V. V.
            and Amor Dos Santos, S. P. and Amorim, A. and Amram, N. and
            Anastopoulos, C. and Ancu, L. S. and Andari, N. and Andeen, T. and
            Anders, C. F. and Anders, G. and Anderson, K. J. and Andreazza, A.
            and Andrei, V. and Andrieux, M. -L. and Anduaga, X. S. and
            Angelidakis, S. and Anger, P. and Angerami, A. and Anghinolfi, F. and
            Anisenkov, A. and Anjos, N. and Annovi, A. and Antonaki, A. and
            Antonelli, M. and Antonov, A. and Antos, J. and Anulli, F. and Aoki,
            M. and Aoun, S. and Aperio Bella, L. and Apolle, R. and Arabidze, G.
            and Aracena, I. and Arai, Y. and Arce, A. T. H. and Arfaoui, S. and
            Arguin, J. -F. and Arik, E. and Arik, M. and Armbruster, A. J. and
            Arnaez, O. and Arnal, V. and Arnault, C. and Artamonov, A. and Artoni
            , G. and Arutinov, D. and Asai, S. and Ask, S. and Åsman, B. and
            Asquith, L. and Assamagan, K. and Astbury, A. and Atkinson, M. and
            Aubert, B. and Auge, E. and Augsten, K. and Aurousseau, M. and Avolio
            , G. and Avramidou, R. and Axen, D. and Azuelos, G. and Azuma, Y. and
            Baak, M. A. and Baccaglioni, G. and Bacci, C. and Bach, A. M. and
            Bachacou, H. and Bachas, K. and Backes, M. and Backhaus, M. and
            Backus Mayes, J. and Badescu, E. and Bagnaia, P. and Bahinipati, S.
            and Bai, Y. and Bailey, D. C. and Bain, T. and Baines, J. T. and
            Baker, O. K. and Baker, M. D. and Baker, S. and Balek, P. and Banas,
            E. and Banerjee, P. and Banerjee, Sw. and Banfi, D. and Bangert, A.
            and Bansal, V. and Bansil, H. S. and Barak, L. and Baranov, S. P. and
            Barbaro Galtieri, A. and Barber, T. and Barberio, E. L. and Barberis,
            D. and Barbero, M. and Bardin, D. Y. and Barillari, T. and Barisonzi,
            M. and Barklow, T. and Barlow, N. and Barnett, B. M. and Barnett, R.
            M. and Baroncelli, A. and Barone, G. and Barr, A. J. and Barreiro, F.
            and Barreiro Guimarães da Costa, J. and Barrillon, P. and Bartoldus,
            R. and Barton, A. E. and Bartsch, V. and Basye, A. and Bates, R. L.
            and Batkova, L. and Batley, J. R. and Battaglia, A. and Battistin, M.
            and Bauer, F. and Bawa, H. S. and Beale, S. and Beau, T. and
            Beauchemin, P. H. and Beccherle, R. and Bechtle, P. and Beck, H. P.
            and Becker, A. K. and Becker, S. and Beckingham, M. and Becks, K. H.
            and Beddall, A. J. and Beddall, A. and Bedikian, S. and Bednyakov, V.
            A. and Bee, C. P. and Beemster, L. J. and Begel, M. and Behar Harpaz,
            S. and Behera, P. K. and Beimforde, M. and Belanger-Champagne, C. and
            Bell, P. J. and Bell, W. H. and Bella, G. and Bellagamba, L. and
            Bellomo, M. and Belloni, A. and Beloborodova, O. and Belotskiy, K.
            and Beltramello, O. and Benary, O. and Benchekroun, D. and Bendtz, K.
            and Benekos, N. and Benhammou, Y. and Benhar Noccioli, E. and Benitez
            Garcia, J. A. and Benjamin, D. P. and Benoit, M. and Bensinger, J. R.
            and Benslama, K. and Bentvelsen, S. and Berge, D. and Bergeaas
            Kuutmann, E. and Berger, N. and Berghaus, F. and Berglund, E. and
            Beringer, J. and Bernat, P. and Bernhard, R. and Bernius, C. and
            Bernlochner, F. U. and Berry, T. and Bertella, C. and Bertin, A. and
            Bertolucci, F. and Besana, M. I. and Besjes, G. J. and Besson, N. and
            Bethke, S. and Bhimji, W. and Bianchi, R. M. and Bianco, M. and
            Biebel, O. and Bieniek, S. P. and Bierwagen, K. and Biesiada, J. and
            Biglietti, M. and Bilokon, H. and Bindi, M. and Binet, S. and Bingul,
            A. and Bini, C. and Biscarat, C. and Bittner, B. and Black, K. M. and
            Blair, R. E. and Blanchard, J. -B. and Blanchot, G. and Blazek, T.
            and Bloch, I. and Blocker, C. and Blocki, J. and Blondel, A. and Blum
            , W. and Blumenschein, U. and Bobbink, G. J. and Bobrovnikov, V. B.
            and Bocchetta, S. S. and Bocci, A. and Boddy, C. R. and Boehler, M.
            and Boek, J. and Boelaert, N. and Bogaerts, J. A. and Bogdanchikov,
            A. and Bogouch, A. and Bohm, C. and Bohm, J. and Boisvert, V. and
            Bold, T. and Boldea, V. and Bolnet, N. M. and Bomben, M. and Bona, M.
            and Boonekamp, M. and Bordoni, S. and Borer, C. and Borisov, A. and
            Borissov, G. and Borjanovic, I. and Borri, M. and Borroni, S. and
            Bortolotto, V. and Bos, K. and Boscherini, D. and Bosman, M. and
            Boterenbrood, H. and Bouchami, J. and Boudreau, J. and
            Bouhova-Thacker, E. V. and Boumediene, D. and Bourdarios, C. and
            Bousson, N. and Boveia, A. and Boyd, J. and Boyko, I. R. and
            Bozovic-Jelisavcic, I. and Bracinik, J. and Branchini, P. and
            Brandenburg, G. W. and Brandt, A. and Brandt, G. and Brandt, O. and
            Bratzler, U. and Brau, B. and Brau, J. E. and Braun, H. M. and
            Brazzale, S. F. and Brelier, B. and Bremer, J. and Brendlinger, K.
            and Brenner, R. and Bressler, S. and Britton, D. and Brochu, F. M.
            and Brock, I. and Brock, R. and Broggi, F. and Bromberg, C. and
            Bronner, J. and Brooijmans, G. and Brooks, T. and Brooks, W. K. and
            Brown, G. and Brown, H. and Bruckman de Renstrom, P. A. and Bruncko,
            D. and Bruneliere, R. and Brunet, S. and Bruni, A. and Bruni, G. and
            Bruschi, M. and Buanes, T. and Buat, Q. and Bucci, F. and Buchanan,
            J. and Buchholz, P. and Buckingham, R. M. and Buckley, A. G. and Buda
            , S. I. and Budagov, I. A. and Budick, B. and Büscher, V. and Bugge,
            L. and Bulekov, O. and Bundock, A. C. and Bunse, M. and Buran, T. and
            Burckhart, H. and Burdin, S. and Burgess, T. and Burke, S. and Busato
            , E. and Bussey, P. and Buszello, C. P. and Butler, B. and Butler, J.
            M. and Buttar, C. M. and Butterworth, J. M. and Buttinger, W. and
            Cabrera Urbán, S. and Caforio, D. and Cakir, O. and Calafiura, P. and
            Calderini, G. and Calfayan, P. and Calkins, R. and Caloba, L. P. and
            Caloi, R. and Calvet, D. and Calvet, S. and Camacho Toro, R. and
            Camarri, P. and Cameron, D. and Caminada, L. M. and Caminal Armadans,
            R. and Campana, S. and Campanelli, M. and Canale, V. and Canelli, F.
            and Canepa, A. and Cantero, J. and Cantrill, R. and Capasso, L. and
            Capeans Garrido, M. D. M. and Caprini, I. and Caprini, M. and
            Capriotti, D. and Capua, M. and Caputo, R. and Cardarelli, R. and
            Carli, T. and Carlino, G. and Carminati, L. and Caron, B. and Caron,
            S. and Carquin, E. and Carrillo-Montoya, G. D. and Carter, A. A. and
            Carter, J. R. and Carvalho, J. and Casadei, D. and Casado, M. P. and
            Cascella, M. and Caso, C. and Castaneda Hernandez, A. M. and
            Castaneda-Miranda, E. and Castillo Gimenez, V. and Castro, N. F. and
            Cataldi, G. and Catastini, P. and Catinaccio, A. and Catmore, J. R.
            and Cattai, A. and Cattani, G. and Caughron, S. and Cavaliere, V. and
            Cavalleri, P. and Cavalli, D. and Cavalli-Sforza, M. and Cavasinni,
            V. and Ceradini, F. and Cerqueira, A. S. and Cerri, A. and Cerrito,
            L. and Cerutti, F. and Cetin, S. A. and Chafaq, A. and Chakraborty,
            D. and Chalupkova, I. and Chan, K. and Chang, P. and Chapleau, B. and
            Chapman, J. D. and Chapman, J. W. and Chareyre, E. and Charlton, D.
            G. and Chavda, V. and Chavez Barajas, C. A. and Cheatham, S. and
            Chekanov, S. and Chekulaev, S. V. and Chelkov, G. A. and Chelstowska,
            M. A. and Chen, C. and Chen, H. and Chen, S. and Chen, X. and Chen,
            Y. and Cheng, Y. and Cheplakov, A. and Cherkaoui El Moursli, R. and
            Chernyatin, V. and Cheu, E. and Cheung, S. L. and Chevalier, L. and
            Chiefari, G. and Chikovani, L. and Childers, J. T. and Chilingarov,
            A. and Chiodini, G. and Chisholm, A. S. and Chislett, R. T. and
            Chitan, A. and Chizhov, M. V. and Choudalakis, G. and Chouridou, S.
            and Christidi, I. A. and Christov, A. and Chromek-Burckhart, D. and
            Chu, M. L. and Chudoba, J. and Ciapetti, G. and Ciftci, A. K. and
            Ciftci, R. and Cinca, D. and Cindro, V. and Ciocca, C. and Ciocio, A.
            and Cirilli, M. and Cirkovic, P. and Citron, Z. H. and Citterio, M.
            and Ciubancan, M. and Clark, A. and Clark, P. J. and Clarke, R. N.
            and Cleland, W. and Clemens, J. C. and Clement, B. and Clement, C.
            and Coadou, Y. and Cobal, M. and Coccaro, A. and Cochran, J. and
            Coffey, L. and Cogan, J. G. and Coggeshall, J. and Cogneras, E. and
            Colas, J. and Cole, S. and Colijn, A. P. and Collins, N. J. and
            Collins-Tooth, C. and Collot, J. and Colombo, T. and Colon, G. and
            Compostella, G. and Conde Muiño, P. and Coniavitis, E. and Conidi, M.
            C. and Consonni, S. M. and Consorti, V. and Constantinescu, S. and
            Conta, C. and Conti, G. and Conventi, F. and Cooke, M. and Cooper, B.
            D. and Cooper-Sarkar, A. M. and Cooper-Smith, N. J. and Copic, K. and
            Cornelissen, T. and Corradi, M. and Corriveau, F. and Cortes-Gonzalez
            , A. and Cortiana, G. and Costa, G. and Costa, M. J. and Costanzo, D.
            and Côté, D. and Courneyea, L. and Cowan, G. and Cowden, C. and Cox,
            B. E. and Cranmer, K. and Crescioli, F. and Cristinziani, M. and
            Crosetti, G. and Crépé-Renaudin, S. and Cuciuc, C. -M. and Cuenca
            Almenar, C. and Cuhadar Donszelmann, T. and Curatolo, M. and Curtis,
            C. J. and Cuthbert, C. and Cwetanski, P. and Czirr, H. and Czodrowski
            , P. and Czyczula, Z. and {DʼAuria}, S. and {DʼOnofrio}, M. and {
            DʼOrazio}, A. and Da Cunha Sargedas De Sousa, M. J. and Da Via, C.
            and Dabrowski, W. and Dafinca, A. and Dai, T. and Dallapiccola, C.
            and Dam, M. and Dameri, M. and Damiani, D. S. and Danielsson, H. O.
            and Dao, V. and Darbo, G. and Darlea, G. L. and Dassoulas, J. A. and
            Davey, W. and Davidek, T. and Davidson, N. and Davidson, R. and
            Davies, E. and Davies, M. and Davignon, O. and Davison, A. R. and
            Davygora, Y. and Dawe, E. and Dawson, I. and Daya-Ishmukhametova, R.
            K. and De, K. and de Asmundis, R. and De Castro, S. and De Cecco, S.
            and de Graat, J. and De Groot, N. and de Jong, P. and De La Taille,
            C. and De la Torre, H. and De Lorenzi, F. and de Mora, L. and De
            Nooij, L. and De Pedis, D. and De Salvo, A. and De Sanctis, U. and De
            Santo, A. and De Vivie De Regie, J. B. and De Zorzi, G. and Dearnaley
            , W. J. and Debbe, R. and Debenedetti, C. and Dechenaux, B. and
            Dedovich, D. V. and Degenhardt, J. and Del Papa, C. and Del Peso, J.
            and Del Prete, T. and Delemontex, T. and Deliyergiyev, M. and {
            DellʼAcqua}, A. and {DellʼAsta}, L. and Della Pietra, M. and della
            Volpe, D. and Delmastro, M. and Delpierre, P. and Delsart, P. A. and
            Deluca, C. and Demers, S. and Demichev, M. and Demirkoz, B. and Deng,
            J. and Denisov, S. P. and Derendarz, D. and Derkaoui, J. E. and Derue
            , F. and Dervan, P. and Desch, K. and Devetak, E. and Deviveiros, P.
            O. and Dewhurst, A. and {DeWilde}, B. and Dhaliwal, S. and Dhullipudi
            , R. and Di Ciaccio, A. and Di Ciaccio, L. and Di Donato, C. and Di
            Girolamo, A. and Di Girolamo, B. and Di Luise, S. and Di Mattia, A.
            and Di Micco, B. and Di Nardo, R. and Di Simone, A. and Di Sipio, R.
            and Diaz, M. A. and Diehl, E. B. and Dietrich, J. and Dietzsch, T. A.
            and Diglio, S. and Dindar Yagci, K. and Dingfelder, J. and Dinut, F.
            and Dionisi, C. and Dita, P. and Dita, S. and Dittus, F. and Djama,
            F. and Djobava, T. and do Vale, M. A. B. and Do Valle Wemans, A. and
            Doan, T. K. O. and Dobbs, M. and Dobinson, R. and Dobos, D. and
            Dobson, E. and Dodd, J. and Doglioni, C. and Doherty, T. and Doi, Y.
            and Dolejsi, J. and Dolenc, I. and Dolezal, Z. and Dolgoshein, B. A.
            and Dohmae, T. and Donadelli, M. and Donini, J. and Dopke, J. and
            Doria, A. and Dos Anjos, A. and Dotti, A. and Dova, M. T. and Dowell,
            J. D. and Doxiadis, A. D. and Doyle, A. T. and Dressnandt, N. and
            Dris, M. and Dubbert, J. and Dube, S. and Duchovni, E. and Duckeck,
            G. and Duda, D. and Dudarev, A. and Dudziak, F. and Dührssen, M. and
            Duerdoth, I. P. and Duflot, L. and Dufour, M. -A. and Duguid, L. and
            Dunford, M. and Duran Yildiz, H. and Duxfield, R. and Dwuznik, M. and
            Dydak, F. and Düren, M. and Ebenstein, W. L. and Ebke, J. and
            Eckweiler, S. and Edmonds, K. and Edson, W. and Edwards, C. A. and
            Edwards, N. C. and Ehrenfeld, W. and Eifert, T. and Eigen, G. and
            Einsweiler, K. and Eisenhandler, E. and Ekelof, T. and El Kacimi, M.
            and Ellert, M. and Elles, S. and Ellinghaus, F. and Ellis, K. and
            Ellis, N. and Elmsheuser, J. and Elsing, M. and Emeliyanov, D. and
            Engelmann, R. and Engl, A. and Epp, B. and Erdmann, J. and Ereditato,
            A. and Eriksson, D. and Ernst, J. and Ernst, M. and Ernwein, J. and
            Errede, D. and Errede, S. and Ertel, E. and Escalier, M. and Esch, H.
            and Escobar, C. and Espinal Curull, X. and Esposito, B. and Etienne,
            F. and Etienvre, A. I. and Etzion, E. and Evangelakou, D. and Evans,
            H. and Fabbri, L. and Fabre, C. and Fakhrutdinov, R. M. and Falciano,
            S. and Fang, Y. and Fanti, M. and Farbin, A. and Farilla, A. and
            Farley, J. and Farooque, T. and Farrell, S. and Farrington, S. M. and
            Farthouat, P. and Fassi, F. and Fassnacht, P. and Fassouliotis, D.
            and Fatholahzadeh, B. and Favareto, A. and Fayard, L. and Fazio, S.
            and Febbraro, R. and Federic, P. and Fedin, O. L. and Fedorko, W. and
            Fehling-Kaschek, M. and Feligioni, L. and Fellmann, D. and Feng, C.
            and Feng, E. J. and Fenyuk, A. B. and Ferencei, J. and Fernando, W.
            and Ferrag, S. and Ferrando, J. and Ferrara, V. and Ferrari, A. and
            Ferrari, P. and Ferrari, R. and Ferreira de Lima, D. E. and Ferrer,
            A. and Ferrere, D. and Ferretti, C. and Ferretto Parodi, A. and
            Fiascaris, M. and Fiedler, F. and Filipčič, A. and Filthaut, F. and
            Fincke-Keeler, M. and Fiolhais, M. C. N. and Fiorini, L. and Firan,
            A. and Fischer, G. and Fisher, M. J. and Flechl, M. and Fleck, I. and
            Fleckner, J. and Fleischmann, P. and Fleischmann, S. and Flick, T.
            and Floderus, A. and Flores Castillo, L. R. and Flowerdew, M. J. and
            Fonseca Martin, T. and Formica, A. and Forti, A. and Fortin, D. and
            Fournier, D. and Fowler, A. J. and Fox, H. and Francavilla, P. and
            Franchini, M. and Franchino, S. and Francis, D. and Frank, T. and
            Franklin, M. and Franz, S. and Fraternali, M. and Fratina, S. and
            French, S. T. and Friedrich, C. and Friedrich, F. and Froeschl, R.
            and Froidevaux, D. and Frost, J. A. and Fukunaga, C. and Fullana
            Torregrosa, E. and Fulsom, B. G. and Fuster, J. and Gabaldon, C. and
            Gabizon, O. and Gadatsch, S. and Gadfort, T. and Gadomski, S. and
            Gagliardi, G. and Gagnon, P. and Galea, C. and Galhardo, B. and
            Gallas, E. J. and Gallo, V. and Gallop, B. J. and Gallus, P. and Gan,
            K. K. and Gao, Y. S. and Gaponenko, A. and Garberson, F. and
            Garcia-Sciveres, M. and García, C. and García Navarro, J. E. and
            Gardner, R. W. and Garelli, N. and Garitaonandia, H. and Garonne, V.
            and Gatti, C. and Gaudio, G. and Gaur, B. and Gauthier, L. and Gauzzi
            , P. and Gavrilenko, I. L. and Gay, C. and Gaycken, G. and Gazis, E.
            N. and Ge, P. and Gecse, Z. and Gee, C. N. P. and Geerts, D. A. A.
            and Geich-Gimbel, Ch. and Gellerstedt, K. and Gemme, C. and Gemmell,
            A. and Genest, M. H. and Gentile, S. and George, M. and George, S.
            and Gerlach, P. and Gershon, A. and Geweniger, C. and Ghazlane, H.
            and Ghodbane, N. and Giacobbe, B. and Giagu, S. and Giakoumopoulou,
            V. and Giangiobbe, V. and Gianotti, F. and Gibbard, B. and Gibson, A.
            and Gibson, S. M. and Gilchriese, M. and Gildemeister, O. and
            Gillberg, D. and Gillman, A. R. and Gingrich, D. M. and Ginzburg, J.
            and Giokaris, N. and Giordani, M. P. and Giordano, R. and Giorgi, F.
            M. and Giovannini, P. and Giraud, P. F. and Giugni, D. and Giunta, M.
            and Giusti, P. and Gjelsten, B. K. and Gladilin, L. K. and Glasman,
            C. and Glatzer, J. and Glazov, A. and Glitza, K. W. and Glonti, G. L.
            and Goddard, J. R. and Godfrey, J. and Godlewski, J. and Goebel, M.
            and Göpfert, T. and Goeringer, C. and Gössling, C. and Goldfarb, S.
            and Golling, T. and Gomes, A. and Gomez Fajardo, L. S. and Gonçalo,
            R. and Goncalves Pinto Firmino Da Costa, J. and Gonella, L. and
            González de la Hoz, S. and Gonzalez Parra, G. and Gonzalez Silva, M.
            L. and Gonzalez-Sevilla, S. and Goodson, J. J. and Goossens, L. and
            Gorbounov, P. A. and Gordon, H. A. and Gorelov, I. and Gorfine, G.
            and Gorini, B. and Gorini, E. and Gorišek, A. and Gornicki, E. and
            Gosdzik, B. and Goshaw, A. T. and Gosselink, M. and Gostkin, M. I.
            and Gough Eschrich, I. and Gouighri, M. and Goujdami, D. and Goulette
            , M. P. and Goussiou, A. G. and Goy, C. and Gozpinar, S. and
            Grabowska-Bold, I. and Grafström, P. and Grahn, K. -J. and Gramstad,
            E. and Grancagnolo, F. and Grancagnolo, S. and Grassi, V. and
            Gratchev, V. and Grau, N. and Gray, H. M. and Gray, J. A. and
            Graziani, E. and Grebenyuk, O. G. and Greenshaw, T. and Greenwood, Z.
            D. and Gregersen, K. and Gregor, I. M. and Grenier, P. and Griffiths,
            J. and Grigalashvili, N. and Grillo, A. A. and Grinstein, S. and Gris
            , Ph. and Grishkevich, Y. V. and Grivaz, J. -F. and Gross, E. and
            Grosse-Knetter, J. and Groth-Jensen, J. and Grybel, K. and Guest, D.
            and Guicheney, C. and Guillemin, T. and Guindon, S. and Gul, U. and
            Gunther, J. and Guo, B. and Guo, J. and Gutierrez, P. and Guttman, N.
            and Gutzwiller, O. and Guyot, C. and Gwenlan, C. and Gwilliam, C. B.
            and Haas, A. and Haas, S. and Haber, C. and Hadavand, H. K. and
            Hadley, D. R. and Haefner, P. and Hahn, F. and Haider, S. and Hajduk,
            Z. and Hakobyan, H. and Hall, D. and Haller, J. and Hamacher, K. and
            Hamal, P. and Hamano, K. and Hamer, M. and Hamilton, A. and Hamilton,
            S. and Han, L. and Hanagaki, K. and Hanawa, K. and Hance, M. and
            Handel, C. and Hanke, P. and Hansen, J. R. and Hansen, J. B. and
            Hansen, J. D. and Hansen, P. H. and Hansson, P. and Hara, K. and Hard
            , A. S. and Hare, G. A. and Harenberg, T. and Harkusha, S. and Harper
            , D. and Harrington, R. D. and Harris, O. M. and Hartert, J. and
            Hartjes, F. and Haruyama, T. and Harvey, A. and Hasegawa, S. and
            Hasegawa, Y. and Hassani, S. and Haug, S. and Hauschild, M. and
            Hauser, R. and Havranek, M. and Hawkes, C. M. and Hawkings, R. J. and
            Hawkins, A. D. and Hayakawa, T. and Hayashi, T. and Hayden, D. and
            Hays, C. P. and Hayward, H. S. and Haywood, S. J. and Head, S. J. and
            Hedberg, V. and Heelan, L. and Heim, S. and Heinemann, B. and
            Heisterkamp, S. and Helary, L. and Heller, C. and Heller, M. and
            Hellman, S. and Hellmich, D. and Helsens, C. and Henderson, R. C. W.
            and Henke, M. and Henrichs, A. and Henriques Correia, A. M. and
            Henrot-Versille, S. and Hensel, C. and Henß, T. and Hernandez, C. M.
            and Hernández Jiménez, Y. and Herrberg, R. and Herten, G. and
            Hertenberger, R. and Hervas, L. and Hesketh, G. G. and Hessey, N. P.
            and Higón-Rodriguez, E. and Hill, J. C. and Hiller, K. H. and Hillert
            , S. and Hillier, S. J. and Hinchliffe, I. and Hines, E. and Hirose,
            M. and Hirsch, F. and Hirschbuehl, D. and Hobbs, J. and Hod, N. and
            Hodgkinson, M. C. and Hodgson, P. and Hoecker, A. and Hoeferkamp, M.
            R. and Hoffman, J. and Hoffmann, D. and Hohlfeld, M. and Holder, M.
            and Holmgren, S. O. and Holy, T. and Holzbauer, J. L. and Hong, T. M.
            and Hooft van Huysduynen, L. and Horner, S. and Hostachy, J. -Y. and
            Hou, S. and Hoummada, A. and Howard, J. and Howarth, J. and Hristova,
            I. and Hrivnac, J. and Hrynʼova, T. and Hsu, P. J. and Hsu, S. -C.
            and Hu, D. and Hubacek, Z. and Hubaut, F. and Huegging, F. and
            Huettmann, A. and Huffman, T. B. and Hughes, E. W. and Hughes, G. and
            Huhtinen, M. and Hurwitz, M. and Huseynov, N. and Huston, J. and Huth
            , J. and Iacobucci, G. and Iakovidis, G. and Ibbotson, M. and
            Ibragimov, I. and Iconomidou-Fayard, L. and Idarraga, J. and Iengo,
            P. and Igonkina, O. and Ikegami, Y. and Ikeno, M. and Iliadis, D. and
            Ilic, N. and Ince, T. and Inigo-Golfin, J. and Ioannou, P. and Iodice
            , M. and Iordanidou, K. and Ippolito, V. and Irles Quiles, A. and
            Isaksson, C. and Ishino, M. and Ishitsuka, M. and Ishmukhametov, R.
            and Issever, C. and Istin, S. and Ivashin, A. V. and Iwanski, W. and
            Iwasaki, H. and Izen, J. M. and Izzo, V. and Jackson, B. and Jackson,
            J. N. and Jackson, P. and Jaekel, M. R. and Jain, V. and Jakobs, K.
            and Jakobsen, S. and Jakoubek, T. and Jakubek, J. and Jamin, D. O.
            and Jana, D. K. and Jansen, E. and Jansen, H. and Jantsch, A. and
            Janus, M. and Jarlskog, G. and Jeanty, L. and Jen-La Plante, I. and
            Jennens, D. and Jenni, P. and Loevschall-Jensen, A. E. and Jež, P.
            and Jézéquel, S. and Jha, M. K. and Ji, H. and Ji, W. and Jia, J. and
            Jiang, Y. and Jimenez Belenguer, M. and Jin, S. and Jinnouchi, O. and
            Joergensen, M. D. and Joffe, D. and Johansen, M. and Johansson, K. E.
            and Johansson, P. and Johnert, S. and Johns, K. A. and Jon-And, K.
            and Jones, G. and Jones, R. W. L. and Jones, T. J. and Joram, C. and
            Jorge, P. M. and Joshi, K. D. and Jovicevic, J. and Jovin, T. and Ju,
            X. and Jung, C. A. and Jungst, R. M. and Juranek, V. and Jussel, P.
            and Juste Rozas, A. and Kabana, S. and Kaci, M. and Kaczmarska, A.
            and Kadlecik, P. and Kado, M. and Kagan, H. and Kagan, M. and
            Kajomovitz, E. and Kalinin, S. and Kalinovskaya, L. V. and Kama, S.
            and Kanaya, N. and Kaneda, M. and Kaneti, S. and Kanno, T. and
            Kantserov, V. A. and Kanzaki, J. and Kaplan, B. and Kapliy, A. and
            Kaplon, J. and Kar, D. and Karagounis, M. and Karakostas, K. and
            Karnevskiy, M. and Kartvelishvili, V. and Karyukhin, A. N. and Kashif
            , L. and Kasieczka, G. and Kass, R. D. and Kastanas, A. and Kataoka,
            M. and Kataoka, Y. and Katsoufis, E. and Katzy, J. and Kaushik, V.
            and Kawagoe, K. and Kawamoto, T. and Kawamura, G. and Kayl, M. S. and
            Kazama, S. and Kazanin, V. A. and Kazarinov, M. Y. and Keeler, R. and
            Keener, P. T. and Kehoe, R. and Keil, M. and Kekelidze, G. D. and
            Keller, J. S. and Kenyon, M. and Kepka, O. and Kerschen, N. and
            Kerševan, B. P. and Kersten, S. and Kessoku, K. and Keung, J. and
            Khalil-zada, F. and Khandanyan, H. and Khanov, A. and Kharchenko, D.
            and Khodinov, A. and Khomich, A. and Khoo, T. J. and Khoriauli, G.
            and Khoroshilov, A. and Khovanskiy, V. and Khramov, E. and Khubua, J.
            and Kim, H. and Kim, S. H. and Kimura, N. and Kind, O. and King, B.
            T. and King, M. and King, R. S. B. and Kirk, J. and Kiryunin, A. E.
            and Kishimoto, T. and Kisielewska, D. and Kitamura, T. and Kittelmann
            , T. and Kiuchi, K. and Kladiva, E. and Klein, M. and Klein, U. and
            Kleinknecht, K. and Klemetti, M. and Klier, A. and Klimek, P. and
            Klimentov, A. and Klingenberg, R. and Klinger, J. A. and Klinkby, E.
            B. and Klioutchnikova, T. and Klok, P. F. and Klous, S. and Kluge, E.
            -E. and Kluge, T. and Kluit, P. and Kluth, S. and Kneringer, E. and
            Knoops, E. B. F. G. and Knue, A. and Ko, B. R. and Kobayashi, T. and
            Kobel, M. and Kocian, M. and Kodys, P. and Köneke, K. and König, A.
            C. and Koenig, S. and Köpke, L. and Koetsveld, F. and Koevesarki, P.
            and Koffas, T. and Koffeman, E. and Kogan, L. A. and Kohlmann, S. and
            Kohn, F. and Kohout, Z. and Kohriki, T. and Koi, T. and Kolachev, G.
            M. and Kolanoski, H. and Kolesnikov, V. and Koletsou, I. and Koll, J.
            and Komar, A. A. and Komori, Y. and Kondo, T. and Kono, T. and
            Kononov, A. I. and Konoplich, R. and Konstantinidis, N. and
            Kopeliansky, R. and Koperny, S. and Korcyl, K. and Kordas, K. and
            Korn, A. and Korol, A. and Korolkov, I. and Korolkova, E. V. and
            Korotkov, V. A. and Kortner, O. and Kortner, S. and Kostyukhin, V. V.
            and Kotov, S. and Kotov, V. M. and Kotwal, A. and Kourkoumelis, C.
            and Kouskoura, V. and Koutsman, A. and Kowalewski, R. and Kowalski,
            T. Z. and Kozanecki, W. and Kozhin, A. S. and Kral, V. and Kramarenko
            , V. A. and Kramberger, G. and Krasny, M. W. and Krasznahorkay, A.
            and Kraus, J. K. and Kreiss, S. and Krejci, F. and Kretzschmar, J.
            and Krieger, N. and Krieger, P. and Kroeninger, K. and Kroha, H. and
            Kroll, J. and Kroseberg, J. and Krstic, J. and Kruchonak, U. and
            Krüger, H. and Kruker, T. and Krumnack, N. and Krumshteyn, Z. V. and
            Kruse, A. and Kubota, T. and Kuday, S. and Kuehn, S. and Kugel, A.
            and Kuhl, T. and Kuhn, D. and Kukhtin, V. and Kulchitsky, Y. and
            Kuleshov, S. and Kummer, C. and Kuna, M. and Kunkle, J. and Kupco, A.
            and Kurashige, H. and Kurata, M. and Kurochkin, Y. A. and Kus, V. and
            Kuwertz, E. S. and Kuze, M. and Kvita, J. and Kwee, R. and La Rosa,
            A. and La Rotonda, L. and Labarga, L. and Labbe, J. and Lablak, S.
            and Lacasta, C. and Lacava, F. and Lacey, J. and Lacker, H. and
            Lacour, D. and Lacuesta, V. R. and Ladygin, E. and Lafaye, R. and
            Laforge, B. and Lagouri, T. and Lai, S. and Laisne, E. and Lamanna,
            M. and Lambourne, L. and Lampen, C. L. and Lampl, W. and Lancon, E.
            and Landgraf, U. and Landon, M. P. J. and Lang, V. S. and Lange, C.
            and Lankford, A. J. and Lanni, F. and Lantzsch, K. and Laplace, S.
            and Lapoire, C. and Laporte, J. F. and Lari, T. and Larner, A. and
            Lassnig, M. and Laurelli, P. and Lavorini, V. and Lavrijsen, W. and
            Laycock, P. and Lazovich, T. and Le Dortz, O. and Le Guirriec, E. and
            Le Menedeu, E. and {LeCompte}, T. and Ledroit-Guillon, F. and Lee, H.
            and Lee, J. S. H. and Lee, S. C. and Lee, L. and Lefebvre, M. and
            Legendre, M. and Legger, F. and Leggett, C. and Lehmacher, M. and
            Lehmann Miotto, G. and Lei, X. and Leite, M. A. L. and Leitner, R.
            and Lellouch, D. and Lemmer, B. and Lendermann, V. and Leney, K. J.
            C. and Lenz, T. and Lenzen, G. and Lenzi, B. and Leonhardt, K. and
            Leontsinis, S. and Lepold, F. and Leroy, C. and Lessard, J. -R. and
            Lester, C. G. and Lester, C. M. and Levêque, J. and Levin, D. and
            Levinson, L. J. and Lewis, A. and Lewis, G. H. and Leyko, A. M. and
            Leyton, M. and Li, B. and Li, H. and Li, H. L. and Li, S. and Li, X.
            and Liang, Z. and Liao, H. and Liberti, B. and Lichard, P. and
            Lichtnecker, M. and Lie, K. and Liebig, W. and Limbach, C. and
            Limosani, A. and Limper, M. and Lin, S. C. and Linde, F. and
            Linnemann, J. T. and Lipeles, E. and Lipniacka, A. and Liss, T. M.
            and Lissauer, D. and Lister, A. and Litke, A. M. and Liu, C. and Liu,
            D. and Liu, H. and Liu, J. B. and Liu, K. and Liu, L. and Liu, M. and
            Liu, Y. and Livan, M. and Livermore, S. S. A. and Lleres, A. and
            Llorente Merino, J. and Lloyd, S. L. and Lobodzinska, E. and Loch, P.
            and Lockman, W. S. and Loddenkoetter, T. and Loebinger, F. K. and
            Loginov, A. and Loh, C. W. and Lohse, T. and Lohwasser, K. and
            Lokajicek, M. and Lombardo, V. P. and Long, J. D. and Long, R. E. and
            Lopes, L. and Lopez Mateos, D. and Lorenz, J. and Lorenzo Martinez,
            N. and Losada, M. and Loscutoff, P. and Lo Sterzo, F. and Losty, M.
            J. and Lou, X. and Lounis, A. and Loureiro, K. F. and Love, J. and
            Love, P. A. and Lowe, A. J. and Lu, F. and Lubatti, H. J. and Luci,
            C. and Lucotte, A. and Ludwig, A. and Ludwig, D. and Ludwig, I. and
            Ludwig, J. and Luehring, F. and Luijckx, G. and Lukas, W. and
            Luminari, L. and Lund, E. and Lund-Jensen, B. and Lundberg, B. and
            Lundberg, J. and Lundberg, O. and Lundquist, J. and Lungwitz, M. and
            Lynn, D. and Lytken, E. and Ma, H. and Ma, L. L. and Maccarrone, G.
            and Macchiolo, A. and Maček, B. and Machado Miguens, J. and
            Mackeprang, R. and Madaras, R. J. and Maddocks, H. J. and Mader, W.
            F. and Maenner, R. and Maeno, T. and Mättig, P. and Mättig, S. and
            Magnoni, L. and Magradze, E. and Mahboubi, K. and Mahlstedt, J. and
            Mahmoud, S. and Mahout, G. and Maiani, C. and Maidantchik, C. and
            Maio, A. and Majewski, S. and Makida, Y. and Makovec, N. and Mal, P.
            and Malaescu, B. and Malecki, Pa. and Malecki, P. and Maleev, V. P.
            and Malek, F. and Mallik, U. and Malon, D. and Malone, C. and
            Maltezos, S. and Malyshev, V. and Malyukov, S. and Mameghani, R. and
            Mamuzic, J. and Manabe, A. and Mandelli, L. and Mandić, I. and
            Mandrysch, R. and Maneira, J. and Manfredini, A. and Mangeard, P. S.
            and Manhaes de Andrade Filho, L. and Manjarres Ramos, J. A. and Mann,
            A. and Manning, P. M. and Manousakis-Katsikakis, A. and Mansoulie, B.
            and Mapelli, A. and Mapelli, L. and March, L. and Marchand, J. F. and
            Marchese, F. and Marchiori, G. and Marcisovsky, M. and Marino, C. P.
            and Marroquim, F. and Marshall, Z. and Martens, F. K. and Marti, L.
            F. and Marti-Garcia, S. and Martin, B. and Martin, B. and Martin, J.
            P. and Martin, T. A. and Martin, V. J. and Martin dit Latour, B. and
            Martin-Haugh, S. and Martinez, M. and Martinez Outschoorn, V. and
            Martyniuk, A. C. and Marx, M. and Marzano, F. and Marzin, A. and
            Masetti, L. and Mashimo, T. and Mashinistov, R. and Masik, J. and
            Maslennikov, A. L. and Massa, I. and Massaro, G. and Massol, N. and
            Mastrandrea, P. and Mastroberardino, A. and Masubuchi, T. and
            Matricon, P. and Matsunaga, H. and Matsushita, T. and Mattravers, C.
            and Maurer, J. and Maxfield, S. J. and Mayne, A. and Mazini, R. and
            Mazur, M. and Mazzaferro, L. and Mazzanti, M. and Mc Donald, J. and
            Mc Kee, S. P. and {McCarn}, A. and {McCarthy}, R. L. and {McCarthy},
            T. G. and {McCubbin}, N. A. and {McFarlane}, K. W. and Mcfayden, J.
            A. and Mchedlidze, G. and Mclaughlan, T. and {McMahon}, S. J. and {
            McPherson}, R. A. and Meade, A. and Mechnich, J. and Mechtel, M. and
            Medinnis, M. and Meera-Lebbai, R. and Meguro, T. and Mehdiyev, R. and
            Mehlhase, S. and Mehta, A. and Meier, K. and Meirose, B. and
            Melachrinos, C. and Mellado Garcia, B. R. and Meloni, F. and Mendoza
            Navas, L. and Meng, Z. and Mengarelli, A. and Menke, S. and Meoni, E.
            and Mercurio, K. M. and Mermod, P. and Merola, L. and Meroni, C. and
            Merritt, F. S. and Merritt, H. and Messina, A. and Metcalfe, J. and
            Mete, A. S. and Meyer, C. and Meyer, C. and Meyer, J. -P. and Meyer,
            J. and Meyer, J. and Meyer, T. C. and Michal, S. and Micu, L. and
            Middleton, R. P. and Migas, S. and Mijović, L. and Mikenberg, G. and
            Mikestikova, M. and Mikuž, M. and Miller, D. W. and Miller, R. J. and
            Mills, W. J. and Mills, C. and Milov, A. and Milstead, D. A. and
            Milstein, D. and Minaenko, A. A. and Miñano Moya, M. and Minashvili,
            I. A. and Mincer, A. I. and Mindur, B. and Mineev, M. and Ming, Y.
            and Mir, L. M. and Mirabelli, G. and Mitrevski, J. and Mitsou, V. A.
            and Mitsui, S. and Miyagawa, P. S. and Mjörnmark, J. U. and Moa, T.
            and Moeller, V. and Mönig, K. and Möser, N. and Mohapatra, S. and
            Mohr, W. and Moles-Valls, R. and Molfetas, A. and Monk, J. and
            Monnier, E. and Montejo Berlingen, J. and Monticelli, F. and Monzani,
            S. and Moore, R. W. and Moorhead, G. F. and Mora Herrera, C. and
            Moraes, A. and Morange, N. and Morel, J. and Morello, G. and Moreno,
            D. and Moreno Llácer, M. and Morettini, P. and Morgenstern, M. and
            Morii, M. and Morley, A. K. and Mornacchi, G. and Morris, J. D. and
            Morvaj, L. and Moser, H. G. and Mosidze, M. and Moss, J. and Mount,
            R. and Mountricha, E. and Mouraviev, S. V. and Moyse, E. J. W. and
            Mueller, F. and Mueller, J. and Mueller, K. and Müller, T. A. and
            Mueller, T. and Muenstermann, D. and Munwes, Y. and Murray, W. J. and
            Mussche, I. and Musto, E. and Myagkov, A. G. and Myska, M. and
            Nackenhorst, O. and Nadal, J. and Nagai, K. and Nagai, R. and Nagano,
            K. and Nagarkar, A. and Nagasaka, Y. and Nagel, M. and Nairz, A. M.
            and Nakahama, Y. and Nakamura, K. and Nakamura, T. and Nakano, I. and
            Nanava, G. and Napier, A. and Narayan, R. and Nash, M. and Nattermann
            , T. and Naumann, T. and Navarro, G. and Neal, H. A. and Nechaeva, P.
            Yu. and Neep, T. J. and Negri, A. and Negri, G. and Negrini, M. and
            Nektarijevic, S. and Nelson, A. and Nelson, T. K. and Nemecek, S. and
            Nemethy, P. and Nepomuceno, A. A. and Nessi, M. and Neubauer, M. S.
            and Neumann, M. and Neusiedl, A. and Neves, R. M. and Nevski, P. and
            Newcomer, F. M. and Newman, P. R. and Nguyen Thi Hong, V. and
            Nickerson, R. B. and Nicolaidou, R. and Nicquevert, B. and Niedercorn
            , F. and Nielsen, J. and Nikiforou, N. and Nikiforov, A. and
            Nikolaenko, V. and Nikolic-Audit, I. and Nikolics, K. and
            Nikolopoulos, K. and Nilsen, H. and Nilsson, P. and Ninomiya, Y. and
            Nisati, A. and Nisius, R. and Nobe, T. and Nodulman, L. and Nomachi,
            M. and Nomidis, I. and Norberg, S. and Nordberg, M. and Norton, P. R.
            and Novakova, J. and Nozaki, M. and Nozka, L. and Nugent, I. M. and
            Nuncio-Quiroz, A. -E. and Nunes Hanninger, G. and Nunnemann, T. and
            Nurse, E. and {OʼBrien}, B. J. and {OʼNeil}, D. C. and {OʼShea}, V.
            and Oakes, L. B. and Oakham, F. G. and Oberlack, H. and Ocariz, J.
            and Ochi, A. and Oda, S. and Odaka, S. and Odier, J. and Ogren, H.
            and Oh, A. and Oh, S. H. and Ohm, C. C. and Ohshima, T. and Okamura,
            W. and Okawa, H. and Okumura, Y. and Okuyama, T. and Olariu, A. and
            Olchevski, A. G. and Olivares Pino, S. A. and Oliveira, M. and
            Oliveira Damazio, D. and Oliver Garcia, E. and Olivito, D. and
            Olszewski, A. and Olszowska, J. and Onofre, A. and Onyisi, P. U. E.
            and Oram, C. J. and Oreglia, M. J. and Oren, Y. and Orestano, D. and
            Orlando, N. and Orlov, I. and Oropeza Barrera, C. and Orr, R. S. and
            Osculati, B. and Ospanov, R. and Osuna, C. and Otero y Garzon, G. and
            Ottersbach, J. P. and Ouchrif, M. and Ouellette, E. A. and Ould-Saada
            , F. and Ouraou, A. and Ouyang, Q. and Ovcharova, A. and Owen, M. and
            Owen, S. and Ozcan, V. E. and Ozturk, N. and Pacheco Pages, A. and
            Padilla Aranda, C. and Pagan Griso, S. and Paganis, E. and Pahl, C.
            and Paige, F. and Pais, P. and Pajchel, K. and Palacino, G. and
            Paleari, C. P. and Palestini, S. and Pallin, D. and Palma, A. and
            Palmer, J. D. and Pan, Y. B. and Panagiotopoulou, E. and Panduro
            Vazquez, J. G. and Pani, P. and Panikashvili, N. and Panitkin, S. and
            Pantea, D. and Papadelis, A. and Papadopoulou, Th. D. and Paramonov,
            A. and Paredes Hernandez, D. and Park, W. and Parker, M. A. and
            Parodi, F. and Parsons, J. A. and Parzefall, U. and Pashapour, S. and
            Pasqualucci, E. and Passaggio, S. and Passeri, A. and Pastore, F. and
            Pastore, Fr. and Pásztor, G. and Pataraia, S. and Patel, N. and Pater
            , J. R. and Patricelli, S. and Pauly, T. and Pecsy, M. and Pedraza
            Lopez, S. and Pedraza Morales, M. I. and Peleganchuk, S. V. and
            Pelikan, D. and Peng, H. and Penning, B. and Penson, A. and Penwell,
            J. and Perantoni, M. and Perez, K. and Perez Cavalcanti, T. and Perez
            Codina, E. and Pérez García-Estañ, M. T. and Perez Reale, V. and
            Perini, L. and Pernegger, H. and Perrino, R. and Perrodo, P. and
            Peshekhonov, V. D. and Peters, K. and Petersen, B. A. and Petersen,
            J. and Petersen, T. C. and Petit, E. and Petridis, A. and Petridou,
            C. and Petrolo, E. and Petrucci, F. and Petschull, D. and Petteni, M.
            and Pezoa, R. and Phan, A. and Phillips, P. W. and Piacquadio, G. and
            Picazio, A. and Piccaro, E. and Piccinini, M. and Piec, S. M. and
            Piegaia, R. and Pignotti, D. T. and Pilcher, J. E. and Pilkington, A.
            D. and Pina, J. and Pinamonti, M. and Pinder, A. and Pinfold, J. L.
            and Pinto, B. and Pizio, C. and Plamondon, M. and Pleier, M. -A. and
            Plotnikova, E. and Poblaguev, A. and Poddar, S. and Podlyski, F. and
            Poggioli, L. and Pohl, D. and Pohl, M. and Polesello, G. and
            Policicchio, A. and Polifka, R. and Polini, A. and Poll, J. and
            Polychronakos, V. and Pomeroy, D. and Pommès, K. and Pontecorvo, L.
            and Pope, B. G. and Popeneciu, G. A. and Popovic, D. S. and Poppleton
            , A. and Portell Bueso, X. and Pospelov, G. E. and Pospisil, S. and
            Potrap, I. N. and Potter, C. J. and Potter, C. T. and Poulard, G. and
            Poveda, J. and Pozdnyakov, V. and Prabhu, R. and Pralavorio, P. and
            Pranko, A. and Prasad, S. and Pravahan, R. and Prell, S. and Pretzl,
            K. and Price, D. and Price, J. and Price, L. E. and Prieur, D. and
            Primavera, M. and Prokofiev, K. and Prokoshin, F. and Protopopescu,
            S. and Proudfoot, J. and Prudent, X. and Przybycien, M. and
            Przysiezniak, H. and Psoroulas, S. and Ptacek, E. and Pueschel, E.
            and Purdham, J. and Purohit, M. and Puzo, P. and Pylypchenko, Y. and
            Qian, J. and Quadt, A. and Quarrie, D. R. and Quayle, W. B. and
            Quinonez, F. and Raas, M. and Raddum, S. and Radeka, V. and Radescu,
            V. and Radloff, P. and Rador, T. and Ragusa, F. and Rahal, G. and
            Rahimi, A. M. and Rahm, D. and Rajagopalan, S. and Rammensee, M. and
            Rammes, M. and Randle-Conde, A. S. and Randrianarivony, K. and
            Rauscher, F. and Rave, T. C. and Raymond, M. and Read, A. L. and
            Rebuzzi, D. M. and Redelbach, A. and Redlinger, G. and Reece, R. and
            Reeves, K. and Reinherz-Aronis, E. and Reinsch, A. and Reisinger, I.
            and Rembser, C. and Ren, Z. L. and Renaud, A. and Rescigno, M. and
            Resconi, S. and Resende, B. and Reznicek, P. and Rezvani, R. and
            Richter, R. and Richter-Was, E. and Ridel, M. and Rijpstra, M. and
            Rijssenbeek, M. and Rimoldi, A. and Rinaldi, L. and Rios, R. R. and
            Riu, I. and Rivoltella, G. and Rizatdinova, F. and Rizvi, E. and
            Robertson, S. H. and Robichaud-Veronneau, A. and Robinson, D. and
            Robinson, J. E. M. and Robson, A. and Rocha de Lima, J. G. and Roda,
            C. and Roda Dos Santos, D. and Roe, A. and Roe, S. and Røhne, O. and
            Rolli, S. and Romaniouk, A. and Romano, M. and Romeo, G. and Romero
            Adam, E. and Rompotis, N. and Roos, L. and Ros, E. and Rosati, S. and
            Rosbach, K. and Rose, A. and Rose, M. and Rosenbaum, G. A. and
            Rosenberg, E. I. and Rosendahl, P. L. and Rosenthal, O. and Rosselet,
            L. and Rossetti, V. and Rossi, E. and Rossi, L. P. and Rotaru, M. and
            Roth, I. and Rothberg, J. and Rousseau, D. and Royon, C. R. and
            Rozanov, A. and Rozen, Y. and Ruan, X. and Rubbo, F. and Rubinskiy,
            I. and Ruckstuhl, N. and Rud, V. I. and Rudolph, C. and Rudolph, G.
            and Rühr, F. and Ruiz-Martinez, A. and Rumyantsev, L. and Rurikova,
            Z. and Rusakovich, N. A. and Rutherfoord, J. P. and Ruzicka, P. and
            Ryabov, Y. F. and Rybar, M. and Rybkin, G. and Ryder, N. C. and
            Saavedra, A. F. and Sadeh, I. and Sadrozinski, H. F. -W. and Sadykov,
            R. and Safai Tehrani, F. and Sakamoto, H. and Salamanna, G. and
            Salamon, A. and Saleem, M. and Salek, D. and Salihagic, D. and
            Salnikov, A. and Salt, J. and Salvachua Ferrando, B. M. and Salvatore
            , D. and Salvatore, F. and Salvucci, A. and Salzburger, A. and
            Sampsonidis, D. and Samset, B. H. and Sanchez, A. and Sanchez
            Martinez, V. and Sandaker, H. and Sander, H. G. and Sanders, M. P.
            and Sandhoff, M. and Sandoval, T. and Sandoval, C. and Sandstroem, R.
            and Sankey, D. P. C. and Sansoni, A. and Santamarina Rios, C. and
            Santoni, C. and Santonico, R. and Santos, H. and Saraiva, J. G. and
            Sarangi, T. and Sarkisyan-Grinbaum, E. and Sarri, F. and Sartisohn,
            G. and Sasaki, O. and Sasaki, Y. and Sasao, N. and Satsounkevitch, I.
            and Sauvage, G. and Sauvan, E. and Sauvan, J. B. and Savard, P. and
            Savinov, V. and Savu, D. O. and Sawyer, L. and Saxon, D. H. and Saxon
            , J. and Sbarra, C. and Sbrizzi, A. and Scannicchio, D. A. and
            Scarcella, M. and Schaarschmidt, J. and Schacht, P. and Schaefer, D.
            and Schäfer, U. and Schaelicke, A. and Schaepe, S. and Schaetzel, S.
            and Schaffer, A. C. and Schaile, D. and Schamberger, R. D. and
            Schamov, A. G. and Scharf, V. and Schegelsky, V. A. and Scheirich, D.
            and Schernau, M. and Scherzer, M. I. and Schiavi, C. and Schieck, J.
            and Schioppa, M. and Schlenker, S. and Schmid, P. and Schmidt, E. and
            Schmieden, K. and Schmitt, C. and Schmitt, S. and Schmitz, M. and
            Schneider, B. and Schnoor, U. and Schoeffel, L. and Schoening, A. and
            Schorlemmer, A. L. S. and Schott, M. and Schouten, D. and Schovancova
            , J. and Schram, M. and Schroeder, C. and Schroer, N. and Schultens,
            M. J. and Schultes, J. and Schultz-Coulon, H. -C. and Schulz, H. and
            Schumacher, M. and Schumm, B. A. and Schune, Ph. and Schwanenberger,
            C. and Schwartzman, A. and Schwegler, Ph. and Schwemling, Ph. and
            Schwienhorst, R. and Schwierz, R. and Schwindling, J. and Schwindt,
            T. and Schwoerer, M. and Sciolla, G. and Scott, W. G. and Searcy, J.
            and Sedov, G. and Sedykh, E. and Seidel, S. C. and Seiden, A. and
            Seifert, F. and Seixas, J. M. and Sekhniaidze, G. and Sekula, S. J.
            and Selbach, K. E. and Seliverstov, D. M. and Sellden, B. and Sellers
            , G. and Seman, M. and Semprini-Cesari, N. and Serfon, C. and Serin,
            L. and Serkin, L. and Seuster, R. and Severini, H. and Sfyrla, A. and
            Shabalina, E. and Shamim, M. and Shan, L. Y. and Shank, J. T. and
            Shao, Q. T. and Shapiro, M. and Shatalov, P. B. and Shaw, K. and
            Sherman, D. and Sherwood, P. and Shimizu, S. and Shimojima, M. and
            Shin, T. and Shiyakova, M. and Shmeleva, A. and Shochet, M. J. and
            Short, D. and Shrestha, S. and Shulga, E. and Shupe, M. A. and Sicho,
            P. and Sidoti, A. and Siegert, F. and Sijacki, Dj. and Silbert, O.
            and Silva, J. and Silver, Y. and Silverstein, D. and Silverstein, S.
            B. and Simak, V. and Simard, O. and Simic, Lj. and Simion, S. and
            Simioni, E. and Simmons, B. and Simoniello, R. and Simonyan, M. and
            Sinervo, P. and Sinev, N. B. and Sipica, V. and Siragusa, G. and
            Sircar, A. and Sisakyan, A. N. and Sivoklokov, S. Yu. and Sjölin, J.
            and Sjursen, T. B. and Skinnari, L. A. and Skottowe, H. P. and
            Skovpen, K. and Skubic, P. and Slater, M. and Slavicek, T. and Sliwa,
            K. and Smakhtin, V. and Smart, B. H. and Smestad, L. and Smirnov, S.
            Yu. and Smirnov, Y. and Smirnova, L. N. and Smirnova, O. and Smith,
            B. C. and Smith, D. and Smith, K. M. and Smizanska, M. and Smolek, K.
            and Snesarev, A. A. and Snow, S. W. and Snow, J. and Snyder, S. and
            Sobie, R. and Sodomka, J. and Soffer, A. and Solans, C. A. and Solar,
            M. and Solc, J. and Soldatov, E. Yu. and Soldevila, U. and Solfaroli
            Camillocci, E. and Solodkov, A. A. and Solovyanov, O. V. and Solovyev
            , V. and Soni, N. and Sopko, V. and Sopko, B. and Sosebee, M. and
            Soualah, R. and Soukharev, A. and Spagnolo, S. and Spanò, F. and
            Spearman, W. R. and Spighi, R. and Spigo, G. and Spiwoks, R. and
            Spousta, M. and Spreitzer, T. and Spurlock, B. and St. Denis, R. D.
            and Stahlman, J. and Stamen, R. and Stanecka, E. and Stanek, R. W.
            and Stanescu, C. and Stanescu-Bellu, M. and Stanitzki, M. M. and
            Stapnes, S. and Starchenko, E. A. and Stark, J. and Staroba, P. and
            Starovoitov, P. and Staszewski, R. and Staude, A. and Stavina, P. and
            Steele, G. and Steinbach, P. and Steinberg, P. and Stekl, I. and
            Stelzer, B. and Stelzer, H. J. and Stelzer-Chilton, O. and Stenzel,
            H. and Stern, S. and Stewart, G. A. and Stillings, J. A. and Stockton
            , M. C. and Stoerig, K. and Stoicea, G. and Stonjek, S. and Strachota
            , P. and Stradling, A. R. and Straessner, A. and Strandberg, J. and
            Strandberg, S. and Strandlie, A. and Strang, M. and Strauss, E. and
            Strauss, M. and Strizenec, P. and Ströhmer, R. and Strom, D. M. and
            Strong, J. A. and Stroynowski, R. and Stugu, B. and Stumer, I. and
            Stupak, J. and Sturm, P. and Styles, N. A. and Soh, D. A. and Su, D.
            and Subramania, {HS}. and Subramaniam, R. and Succurro, A. and Sugaya
            , Y. and Suhr, C. and Suk, M. and Sulin, V. V. and Sultansoy, S. and
            Sumida, T. and Sun, X. and Sundermann, J. E. and Suruliz, K. and
            Susinno, G. and Sutton, M. R. and Suzuki, Y. and Suzuki, Y. and
            Svatos, M. and Swedish, S. and Sykora, I. and Sykora, T. and Sánchez,
            J. and Ta, D. and Tackmann, K. and Taffard, A. and Tafirout, R. and
            Taiblum, N. and Takahashi, Y. and Takai, H. and Takashima, R. and
            Takeda, H. and Takeshita, T. and Takubo, Y. and Talby, M. and
            Talyshev, A. and Tamsett, M. C. and Tan, K. G. and Tanaka, J. and
            Tanaka, R. and Tanaka, S. and Tanaka, S. and Tanasijczuk, A. J. and
            Tani, K. and Tannoury, N. and Tapprogge, S. and Tardif, D. and Tarem,
            S. and Tarrade, F. and Tartarelli, G. F. and Tas, P. and Tasevsky, M.
            and Tassi, E. and Tatarkhanov, M. and Tayalati, Y. and Taylor, C. and
            Taylor, F. E. and Taylor, G. N. and Taylor, W. and Teinturier, M. and
            Teischinger, F. A. and Teixeira Dias Castanheira, M. and
            Teixeira-Dias, P. and Temming, K. K. and Ten Kate, H. and Teng, P. K.
            and Terada, S. and Terashi, K. and Terron, J. and Testa, M. and
            Teuscher, R. J. and Therhaag, J. and Theveneaux-Pelzer, T. and Thoma,
            S. and Thomas, J. P. and Thompson, E. N. and Thompson, P. D. and
            Thompson, P. D. and Thompson, A. S. and Thomsen, L. A. and Thomson,
            E. and Thomson, M. and Thong, W. M. and Thun, R. P. and Tian, F. and
            Tibbetts, M. J. and Tic, T. and Tikhomirov, V. O. and Tikhonov, Y. A.
            and Timoshenko, S. and Tiouchichine, E. and Tipton, P. and Tisserant,
            S. and Todorov, T. and Todorova-Nova, S. and Toggerson, B. and Tojo,
            J. and Tokár, S. and Tokushuku, K. and Tollefson, K. and Tomoto, M.
            and Tompkins, L. and Toms, K. and Tonoyan, A. and Topfel, C. and
            Topilin, N. D. and Torchiani, I. and Torrence, E. and Torres, H. and
            Torró Pastor, E. and Toth, J. and Touchard, F. and Tovey, D. R. and
            Trefzger, T. and Tremblet, L. and Tricoli, A. and Trigger, I. M. and
            Trilling, G. and Trincaz-Duvoid, S. and Tripiana, M. F. and Triplett,
            N. and Trischuk, W. and Trocmé, B. and Troncon, C. and Trottier-{
            McDonald}, M. and Trzebinski, M. and Trzupek, A. and Tsarouchas, C.
            and Tseng, J. C. -L. and Tsiakiris, M. and Tsiareshka, P. V. and
            Tsionou, D. and Tsipolitis, G. and Tsiskaridze, S. and Tsiskaridze,
            V. and Tskhadadze, E. G. and Tsukerman, I. I. and Tsulaia, V. and
            Tsung, J. -W. and Tsuno, S. and Tsybychev, D. and Tua, A. and
            Tudorache, A. and Tudorache, V. and Tuggle, J. M. and Turala, M. and
            Turecek, D. and Turk Cakir, I. and Turlay, E. and Turra, R. and Tuts,
            P. M. and Tykhonov, A. and Tylmad, M. and Tyndel, M. and Tzanakos, G.
            and Uchida, K. and Ueda, I. and Ueno, R. and Ugland, M. and
            Uhlenbrock, M. and Uhrmacher, M. and Ukegawa, F. and Unal, G. and
            Undrus, A. and Unel, G. and Unno, Y. and Urbaniec, D. and Urquijo, P.
            and Usai, G. and Uslenghi, M. and Vacavant, L. and Vacek, V. and
            Vachon, B. and Vahsen, S. and Valenta, J. and Valentinetti, S. and
            Valero, A. and Valkar, S. and Valladolid Gallego, E. and Vallecorsa,
            S. and Valls Ferrer, J. A. and Van Berg, R. and Van Der Deijl, P. C.
            and van der Geer, R. and van der Graaf, H. and Van Der Leeuw, R. and
            van der Poel, E. and van der Ster, D. and van Eldik, N. and van
            Gemmeren, P. and van Vulpen, I. and Vanadia, M. and Vandelli, W. and
            Vanguri, R. and Vaniachine, A. and Vankov, P. and Vannucci, F. and
            Vari, R. and Varol, T. and Varouchas, D. and Vartapetian, A. and
            Varvell, K. E. and Vassilakopoulos, V. I. and Vazeille, F. and
            Vazquez Schroeder, T. and Vegni, G. and Veillet, J. J. and Veloso, F.
            and Veness, R. and Veneziano, S. and Ventura, A. and Ventura, D. and
            Venturi, M. and Venturi, N. and Vercesi, V. and Verducci, M. and
            Verkerke, W. and Vermeulen, J. C. and Vest, A. and Vetterli, M. C.
            and Vichou, I. and Vickey, T. and Vickey Boeriu, O. E. and Viehhauser
            , G. H. A. and Viel, S. and Villa, M. and Villaplana Perez, M. and
            Vilucchi, E. and Vincter, M. G. and Vinek, E. and Vinogradov, V. B.
            and Virchaux, M. and Virzi, J. and Vitells, O. and Viti, M. and
            Vivarelli, I. and Vives Vaque, F. and Vlachos, S. and Vladoiu, D. and
            Vlasak, M. and Vogel, A. and Vokac, P. and Volpi, G. and Volpi, M.
            and Volpini, G. and von der Schmitt, H. and von Radziewski, H. and
            von Toerne, E. and Vorobel, V. and Vorwerk, V. and Vos, M. and Voss,
            R. and Voss, T. T. and Vossebeld, J. H. and Vranjes, N. and Vranjes
            Milosavljevic, M. and Vrba, V. and Vreeswijk, M. and Vu Anh, T. and
            Vuillermet, R. and Vukotic, I. and Wagner, W. and Wagner, P. and
            Wahlen, H. and Wahrmund, S. and Wakabayashi, J. and Walch, S. and
            Walder, J. and Walker, R. and Walkowiak, W. and Wall, R. and Waller,
            P. and Walsh, B. and Wang, C. and Wang, F. and Wang, H. and Wang, H.
            and Wang, J. and Wang, J. and Wang, R. and Wang, S. M. and Wang, T.
            and Warburton, A. and Ward, C. P. and Wardrope, D. R. and Warsinsky,
            M. and Washbrook, A. and Wasicki, C. and Watanabe, I. and Watkins, P.
            M. and Watson, A. T. and Watson, I. J. and Watson, M. F. and Watts,
            G. and Watts, S. and Waugh, A. T. and Waugh, B. M. and Weber, M. S.
            and Weber, P. and Webster, J. S. and Weidberg, A. R. and Weigell, P.
            and Weingarten, J. and Weiser, C. and Wells, P. S. and Wenaus, T. and
            Wendland, D. and Weng, Z. and Wengler, T. and Wenig, S. and Wermes,
            N. and Werner, M. and Werner, P. and Werth, M. and Wessels, M. and
            Wetter, J. and Weydert, C. and Whalen, K. and Wheeler-Ellis, S. J.
            and White, A. and White, M. J. and White, S. and Whitehead, S. R. and
            Whiteson, D. and Whittington, D. and Wicek, F. and Wicke, D. and
            Wickens, F. J. and Wiedenmann, W. and Wielers, M. and Wienemann, P.
            and Wiglesworth, C. and Wiik-Fuchs, L. A. M. and Wijeratne, P. A. and
            Wildauer, A. and Wildt, M. A. and Wilhelm, I. and Wilkens, H. G. and
            Will, J. Z. and Williams, E. and Williams, H. H. and Willis, W. and
            Willocq, S. and Wilson, J. A. and Wilson, M. G. and Wilson, A. and
            Wingerter-Seez, I. and Winkelmann, S. and Winklmeier, F. and Wittgen,
            M. and Wollstadt, S. J. and Wolter, M. W. and Wolters, H. and Wong,
            W. C. and Wooden, G. and Wosiek, B. K. and Wotschack, J. and Woudstra
            , M. J. and Wozniak, K. W. and Wraight, K. and Wright, M. and Wrona,
            B. and Wu, S. L. and Wu, X. and Wu, Y. and Wulf, E. and Wynne, B. M.
            and Xella, S. and Xiao, M. and Xie, S. and Xu, C. and Xu, D. and
            Yabsley, B. and Yacoob, S. and Yamada, M. and Yamaguchi, H. and
            Yamaguchi, Y. and Yamamoto, A. and Yamamoto, K. and Yamamoto, S. and
            Yamamura, T. and Yamanaka, T. and Yamazaki, T. and Yamazaki, Y. and
            Yan, Z. and Yang, H. and Yang, H. and Yang, U. K. and Yang, Y. and
            Yang, Z. and Yanush, S. and Yao, L. and Yao, Y. and Yasu, Y. and
            Ybeles Smit, G. V. and Ye, J. and Ye, S. and Yilmaz, M. and
            Yoosoofmiya, R. and Yorita, K. and Yoshida, R. and Yoshihara, K. and
            Young, C. and Young, C. J. and Youssef, S. and Yu, D. and Yu, J. and
            Yu, J. and Yuan, L. and Yurkewicz, A. and Byszewski, M. and Zabinski,
            B. and Zaidan, R. and Zaitsev, A. M. and Zajacova, Z. and Zanello, L.
            and Zanzi, D. and Zaytsev, A. and Zeitnitz, C. and Zeman, M. and
            Zemla, A. and Zendler, C. and Zenin, O. and Ženiš, T. and Zinonos, Z.
            and Zerwas, D. and Zevi della Porta, G. and Zhang, D. and Zhang, H.
            and Zhang, J. and Zhang, X. and Zhang, Z. and Zhao, L. and Zhao, Z.
            and Zhemchugov, A. and Zhong, J. and Zhou, B. and Zhou, N. and Zhou,
            Y. and Zhu, C. G. and Zhu, H. and Zhu, J. and Zhu, Y. and Zhuang, X.
            and Zhuravlov, V. and Zieminska, D. and Zimin, N. I. and Zimmermann,
            R. and Zimmermann, S. and Zimmermann, S. and Ziolkowski, M. and
            Zitoun, R. and Živković, L. and Zmouchko, V. V. and Zobernig, G. and
            Zoccoli, A. and zur Nedden, M. and Zutshi, V. and Zwalinski, L.},
  urldate = {2024-06-12},
  date = {2012-09-17},
  file = {Full Text:/home/dene/Zotero/storage/X4JHTZ7A/Aad et al. - 2012 -
          Observation of a new particle in the search for
          th.pdf:application/pdf;ScienceDirect
          Snapshot:/home/dene/Zotero/storage/M5NGXQGA/S037026931200857X.html:text/html
          },
}

@article{wilson_confinement_1974,
  title = {Confinement of quarks},
  volume = {10},
  url = {https://link.aps.org/doi/10.1103/PhysRevD.10.2445},
  doi = {10.1103/PhysRevD.10.2445},
  abstract = {A mechanism for total confinement of quarks, similar to that of
              Schwinger, is defined which requires the existence of Abelian or
              non-Abelian gauge fields. It is shown how to quantize a gauge field
              theory on a discrete lattice in Euclidean space-time, preserving
              exact gauge invariance and treating the gauge fields as angular
              variables (which makes a gauge-fixing term unnecessary). The
              lattice gauge theory has a computable strong-coupling limit; in
              this limit the binding mechanism applies and there are no free
              quarks. There is unfortunately no Lorentz (or Euclidean) invariance
              in the strong-coupling limit. The strong-coupling expansion
              involves sums over all quark paths and sums over all surfaces (on
              the lattice) joining quark paths. This structure is reminiscent of
              relativistic string models of hadrons.},
  pages = {2445--2459},
  number = {8},
  journaltitle = {Physical Review D},
  shortjournal = {Phys. Rev. D},
  author = {Wilson, Kenneth G.},
  urldate = {2024-06-12},
  date = {1974-10-15},
  note = {Publisher: American Physical Society},
}

@article{for_the_hadron_spectrum_collaboration_resonances_2015,
  title = {Resonances in coupled \${\textbackslash}ensuremath\{{\textbackslash}
           pi\}K,{\textbackslash}ensuremath\{{\textbackslash}eta\}K\$ scattering
           from lattice {QCD}},
  volume = {91},
  url = {https://link.aps.org/doi/10.1103/PhysRevD.91.054008},
  doi = {10.1103/PhysRevD.91.054008},
  abstract = {Coupled-channel 𝜋⁢𝐾 and 𝜂⁢𝐾 scattering amplitudes are determined
              by studying the finite-volume energy spectra obtained from
              dynamical lattice {QCD} calculations. Using a large basis of
              interpolating operators, including both those resembling a 𝑞⁢¯𝑞
              construction and those resembling a pair of mesons with relative
              momentum, a reliable excited-state spectrum can be obtained.
              Working at 𝑚𝜋=391 {MeV}, we find a gradual increase in the 𝐽𝑃=0+
              𝜋⁢𝐾 phase shift which may be identified with a broad scalar
              resonance that couples strongly to 𝜋⁢𝐾 and weakly to 𝜂⁢𝐾. The
              low-energy behavior of this amplitude suggests a virtual bound
              state that may be related to the 𝜅 resonance. A bound state with
              𝐽𝑃=1− is found very close to the 𝜋⁢𝐾 threshold energy, whose
              coupling to the 𝜋⁢𝐾 channel is compatible with that of the
              experimental 𝐾⋆⁡(892). Evidence is found for a narrow resonance in
              𝐽𝑃=2+. Isospin-3/2 𝜋⁢𝐾 scattering is also studied, and nonresonant
              phase shifts spanning the whole elastic scattering region are
              obtained.},
  pages = {054008},
  number = {5},
  journaltitle = {Physical Review D},
  shortjournal = {Phys. Rev. D},
  author = {{for the Hadron Spectrum Collaboration} and Wilson, David J. and
            Dudek, Jozef J. and Edwards, Robert G. and Thomas, Christopher E.},
  urldate = {2024-06-13},
  date = {2015-03-10},
  note = {Publisher: American Physical Society},
  file = {Accepted Version:/home/dene/Zotero/storage/4CGVBFSH/for the Hadron
          Spectrum Collaboration et al. - 2015 - Resonances in coupled \$
          ensuremath pi K,ensurema.pdf:application/pdf;APS
          Snapshot:/home/dene/Zotero/storage/H5YW2UNE/PhysRevD.91.html:text/html},
}

@article{morningstar_glueball_1999,
  title = {Glueball spectrum from an anisotropic lattice study},
  volume = {60},
  rights = {http://link.aps.org/licenses/aps-default-license},
  issn = {0556-2821, 1089-4918},
  url = {https://link.aps.org/doi/10.1103/PhysRevD.60.034509},
  doi = {10.1103/PhysRevD.60.034509},
  pages = {034509},
  number = {3},
  journaltitle = {Physical Review D},
  shortjournal = {Phys. Rev. D},
  author = {Morningstar, Colin J. and Peardon, Mike},
  urldate = {2024-08-30},
  date = {1999-07-07},
  langid = {english},
  file = {Submitted Version:/home/dene/Zotero/storage/XAECTG7T/Morningstar and
          Peardon - 1999 - Glueball spectrum from an anisotropic lattice
          stud.pdf:application/pdf},
}

@article{particle_data_group_review_2020,
  title = {Review of Particle Physics},
  volume = {2020},
  issn = {2050-3911},
  url = {https://academic.oup.com/ptep/article/doi/10.1093/ptep/ptaa104/5891211},
  doi = {10.1093/ptep/ptaa104},
  abstract = {Abstract The Review summarizes much of particle physics and
              cosmology. Using data from previous editions, plus 3,324 new
              measurements from 878 papers, we list, evaluate, and average
              measured properties of gauge bosons and the recently discovered
              Higgs boson, leptons, quarks, mesons, and baryons. We summarize
              searches for hypothetical particles such as supersymmetric
              particles, heavy bosons, axions, dark photons, etc. Particle
              properties and search limits are listed in Summary Tables. We give
              numerous tables, figures, formulae, and reviews of topics such as
              Higgs Boson Physics, Supersymmetry, Grand Unified Theories,
              Neutrino Mixing, Dark Energy, Dark Matter, Cosmology, Particle
              Detectors, Colliders, Probability and Statistics. Among the 120
              reviews are many that are new or heavily revised, including a new
              review on High Energy Soft {QCD} and Diffraction and one on the
              Determination of {CKM} Angles from B Hadrons. The Review is divided
              into two volumes. Volume 1 includes the Summary Tables and 98
              review articles. Volume 2 consists of the Particle Listings and
              contains also 22 reviews that address specific aspects of the data
              presented in the Listings. The complete Review (both volumes) is
              published online on the website of the Particle Data Group
              (pdg.lbl.gov) and in a journal. Volume 1 is available in print as
              the {PDG} Book. A Particle Physics Booklet with the Summary Tables
              and essential tables, figures, and equations from selected review
              articles is available in print and as a web version optimized for
              use on phones as well as an Android app.},
  pages = {083C01},
  number = {8},
  journaltitle = {Progress of Theoretical and Experimental Physics},
  author = {{Particle Data Group} and Zyla, P A and Barnett, R M and Beringer, J
            and Dahl, O and Dwyer, D A and Groom, D E and Lin, C -J and Lugovsky,
            K S and Pianori, E and Robinson, D J and Wohl, C G and Yao, W -M and
            Agashe, K and Aielli, G and Allanach, B C and Amsler, C and Antonelli
            , M and Aschenauer, E C and Asner, D M and Baer, H and Banerjee, Sw
            and Baudis, L and Bauer, C W and Beatty, J J and Belousov, V I and
            Bethke, S and Bettini, A and Biebel, O and Black, K M and Blucher, E
            and Buchmuller, O and Burkert, V and Bychkov, M A and Cahn, R N and
            Carena, M and Ceccucci, A and Cerri, A and Chakraborty, D and
            Chivukula, R Sekhar and Cowan, G and D'Ambrosio, G and Damour, T and
            De Florian, D and De Gouvêa, A and DeGrand, T and De Jong, P and
            Dissertori, G and Dobrescu, B A and D'Onofrio, M and Doser, M and
            Drees, M and Dreiner, H K and Eerola, P and Egede, U and Eidelman, S
            and Ellis, J and Erler, J and Ezhela, V V and Fetscher, W and Fields,
            B D and Foster, B and Freitas, A and Gallagher, H and Garren, L and
            Gerber, H -J and Gerbier, G and Gershon, T and Gershtein, Y and
            Gherghetta, T and Godizov, A A and Gonzalez-Garcia, M C and Goodman,
            M and Grab, C and Gritsan, A V and Grojean, C and Grünewald, M and
            Gurtu, A and Gutsche, T and Haber, H E and Hanhart, C and Hashimoto,
            S and Hayato, Y and Hebecker, A and Heinemeyer, S and Heltsley, B and
            Hernández-Rey, J J and Hikasa, K and Hisano, J and Höcker, A and
            Holder, J and Holtkamp, A and Huston, J and Hyodo, T and Johnson, K F
            and Kado, M and Karliner, M and Katz, U F and Kenzie, M and Khoze, V
            A and Klein, S R and Klempt, E and Kowalewski, R V and Krauss, F and
            Kreps, M and Krusche, B and Kwon, Y and Lahav, O and Laiho, J and
            Lellouch, L P and Lesgourgues, J and Liddle, A R and Ligeti, Z and
            Lippmann, C and Liss, T M and Littenberg, L and Lourengo, C and
            Lugovsky, S B and Lusiani, A and Makida, Y and Maltoni, F and Mannel,
            T and Manohar, A V and Marciano, W J and Masoni, A and Matthews, J
            and Meißner, U -G and Mikhasenko, M and Miller, D J and Milstead, D
            and Mitchell, R E and Mönig, K and Molaro, P and Moortgat, F and
            Moskovic, M and Nakamura, K and Narain, M and Nason, P and Navas, S
            and Neubert, M and Nevski, P and Nir, Y and Olive, K A and Patrignani
            , C and Peacock, J A and Petcov, S T and Petrov, V A and Pich, A and
            Piepke, A and Pomarol, A and Profumo, S and Quadt, A and Rabbertz, K
            and Rademacker, J and Raffelt, G and Ramani, H and Ramsey-Musolf, M
            and Ratcliff, B N and Richardson, P and Ringwald, A and Roesler, S
            and Rolli, S and Romaniouk, A and Rosenberg, L J and Rosner, J L and
            Rybka, G and Ryskin, M and Ryutin, R A and Sakai, Y and Salam, G P
            and Sarkar, S and Sauli, F and Schneider, O and Scholberg, K and
            Schwartz, A J and Schwiening, J and Scott, D and Sharma, V and Sharpe
            , S R and Shutt, T and Silari, M and Sjöstrand, T and Skands, P and
            Skwarnicki, T and Smoot, G F and Soffer, A and Sozzi, M S and Spanier
            , S and Spiering, C and Stahl, A and Stone, S L and Sumino, Y and
            Sumiyoshi, T and Syphers, M J and Takahashi, F and Tanabashi, M and
            Tanaka, J and Taševský, M and Terashi, K and Terning, J and Thoma, U
            and Thorne, R S and Tiator, L and Titov, M and Tkachenko, N P and
            Tovey, D R and Trabelsi, K and Urquijo, P and Valencia, G and Van De
            Water, R and Varelas, N and Venanzoni, G and Verde, L and Vincter, M
            G and Vogel, P and Vogelsang, W and Vogt, A and Vorobyev, V and
            Wakely, S P and Walkowiak, W and Walter, C W and Wands, D and Wascko,
            M O and Weinberg, D H and Weinberg, E J and White, M and Wiencke, L R
            and Willocq, S and Woody, C L and Workman, R L and Yokoyama, M and
            Yoshida, R and Zanderighi, G and Zeller, G P and Zenin, O V and Zhu,
            R -Y and Zhu, S -L and Zimmermann, F and Anderson, J and Basaglia, T
            and Lugovsky, V S and Schaffner, P and Zheng, W},
  urldate = {2024-08-30},
  date = {2020-08-14},
  langid = {english},
  file = {Full Text:/home/dene/Zotero/storage/U8SAN67Y/Particle Data Group et
          al. - 2020 - Review of Particle Physics.pdf:application/pdf},
}

@article{adhikari_gluex_2021,
  title = {The {GlueX} beamline and detector},
  volume = {987},
  issn = {01689002},
  url = {https://linkinghub.elsevier.com/retrieve/pii/S0168900220312043},
  doi = {10.1016/j.nima.2020.164807},
  pages = {164807},
  journaltitle = {Nuclear Instruments and Methods in Physics Research Section A:
                  Accelerators, Spectrometers, Detectors and Associated Equipment
                  },
  shortjournal = {Nuclear Instruments and Methods in Physics Research Section A:
                  Accelerators, Spectrometers, Detectors and Associated Equipment
                  },
  author = {Adhikari, S. and Akondi, C.S. and Al Ghoul, H. and Ali, A. and
            Amaryan, M. and Anassontzis, E.G. and Austregesilo, A. and Barbosa,
            F. and Barlow, J. and Barnes, A. and Barriga, E. and Barsotti, R. and
            Beattie, T.D. and Benesch, J. and Berdnikov, V.V. and Biallas, G. and
            Black, T. and Boeglin, W. and Brindza, P. and Briscoe, W.J. and
            Britton, T. and Brock, J. and Brooks, W.K. and Cannon, B.E. and
            Carlin, C. and Carman, D.S. and Carstens, T. and Cao, N. and
            Chernyshov, O. and Chudakov, E. and Cole, S. and Cortes, O. and
            Crahen, W.D. and Crede, V. and Dalton, M.M. and Daniels, T. and Deur,
            A. and Dickover, C. and Dobbs, S. and Dolgolenko, A. and Dotel, R.
            and Dugger, M. and Dzhygadlo, R. and Dzierba, A. and Egiyan, H. and
            Erbora, T. and Ernst, A. and Eugenio, P. and Fanelli, C. and Fegan,
            S. and Foda, A.M. and Foote, J. and Frye, J. and Furletov, S. and Gan
            , L. and Gasparian, A. and Gerasimov, A. and Gevorgyan, N. and
            Gleason, C. and Goetzen, K. and Goncalves, A. and Goryachev, V.S. and
            Guo, L. and Hakobyan, H. and Hamdi, A. and Hardin, J. and Henschel,
            C.L. and Huber, G.M. and Hutton, C. and Hurley, A. and Ioannou, P.
            and Ireland, D.G. and Ito, M.M. and Jarvis, N.S. and Jones, R.T. and
            Kakoyan, V. and Katsaganis, S. and Kalicy, G. and Kamel, M. and Keith
            , C.D. and Klein, F.J. and Kliemt, R. and Kolybaba, D. and
            Kourkoumelis, C. and Krueger, S.T. and Kuleshov, S. and Larin, I. and
            Lawrence, D. and Leckey, J.P. and Lersch, D.I. and Leverington, B.D.
            and Levine, W.I. and Li, W. and Liu, B. and Livingston, K. and Lolos,
            G.J. and Lyubovitskij, V. and Mack, D. and Marukyan, H. and Mattione,
            P.T. and Matveev, V. and {McCaughan}, M. and {McCracken}, M. and {
            McGinley}, W. and {McIntyre}, J. and Meekins, D. and Mendez, R. and
            Meyer, C.A. and Miskimen, R. and Mitchell, R.E. and Mokaya, F. and
            Moriya, K. and Nerling, F. and Ng, L. and Ni, H. and Ostrovidov, A.I.
            and Papandreou, Z. and Patsyuk, M. and Paudel, C. and Pauli, P. and
            Pedroni, R. and Pentchev, L. and Peters, K.J. and Phelps, W. and
            Pierce, J. and Pooser, E. and Popov, V. and Pratt, B. and Qiang, Y.
            and Qin, N. and Razmyslovich, V. and Reinhold, J. and Ritchie, B.G.
            and Ritman, J. and Robison, L. and Romanov, D. and Romero, C. and
            Salgado, C. and Sandoval, N. and Satogata, T. and Schertz, A.M. and
            Schadmand, S. and Schick, A. and Schumacher, R.A. and Schwarz, C. and
            Schwiening, J. and Semenov, A.Yu. and Semenova, I.A. and Seth, K.K.
            and Shen, X. and Shepherd, M.R. and Smith, E.S. and Sober, D.I. and
            Somov, A. and Somov, S. and Soto, O. and Sparks, N. and Staib, M.J.
            and Stanislav, C. and Stevens, J.R. and Stewart, J. and Strakovsky,
            I.I. and Sumner, B.C. L. and Suresh, K. and Tarasov, V.V. and Taylor,
            S. and Teigrob, L.A. and Teymurazyan, A. and Thiel, A. and Tolstukhin
            , I. and Tomaradze, A. and Toro, A. and Tsaris, A. and Van Haarlem,
            Y. and Vasileiadis, G. and Vega, I. and Visser, G. and Voulgaris, G.
            and Walford, N.K. and Werthmüller, D. and Whitlatch, T. and
            Wickramaarachchi, N. and Williams, M. and Wolin, E. and Xiao, T. and
            Yang, Y. and Zarling, J. and Zhang, Z. and Zhou, Q. and Zhou, X. and
            Zihlmann, B.},
  urldate = {2024-08-30},
  date = {2021-01},
  langid = {english},
  file = {Accepted Version:/home/dene/Zotero/storage/XSW4LMLX/Adhikari et al. -
          2021 - The GlueX beamline and detector.pdf:application/pdf},
}

@article{pivk_splot_2005,
  title = {{sPlot}: A statistical tool to unfold data distributions},
  volume = {555},
  rights = {https://www.elsevier.com/tdm/userlicense/1.0/},
  issn = {01689002},
  url = {https://linkinghub.elsevier.com/retrieve/pii/S0168900205018024},
  doi = {10.1016/j.nima.2005.08.106},
  pages = {356--369},
  number = {1},
  journaltitle = {Nuclear Instruments and Methods in Physics Research Section A:
                  Accelerators, Spectrometers, Detectors and Associated Equipment
                  },
  shortjournal = {Nuclear Instruments and Methods in Physics Research Section A:
                  Accelerators, Spectrometers, Detectors and Associated Equipment
                  },
  author = {Pivk, M. and Le Diberder, F.R.},
  urldate = {2024-08-30},
  date = {2005-12},
  langid = {english},
  file = {Submitted Version:/home/dene/Zotero/storage/F6V2WV32/Pivk and Le
          Diberder - 2005 - A statistical tool to unfold data
          distributions.pdf:application/pdf},
}

@article{dembinski_custom_2022,
  title = {Custom Orthogonal Weight functions ({COWs}) for event classification},
  volume = {1040},
  issn = {01689002},
  url = {https://linkinghub.elsevier.com/retrieve/pii/S0168900222006076},
  doi = {10.1016/j.nima.2022.167270},
  pages = {167270},
  journaltitle = {Nuclear Instruments and Methods in Physics Research Section A:
                  Accelerators, Spectrometers, Detectors and Associated Equipment
                  },
  shortjournal = {Nuclear Instruments and Methods in Physics Research Section A:
                  Accelerators, Spectrometers, Detectors and Associated Equipment
                  },
  author = {Dembinski, Hans and Kenzie, Matthew and Langenbruch, Christoph and
            Schmelling, Michael},
  urldate = {2024-08-30},
  date = {2022-10},
  langid = {english},
  file = {Full Text:/home/dene/Zotero/storage/3QCGWTBM/Dembinski et al. - 2022 -
          Custom Orthogonal Weight functions (COWs) for even.pdf:application/pdf},
}

@article{the_clas_collaboration_double_2018,
  title = {Double \$\{K\}\_\{S\}{\textasciicircum}\{0\}\$ photoproduction off
           the proton at {CLAS}},
  volume = {97},
  url = {https://link.aps.org/doi/10.1103/PhysRevC.97.025203},
  doi = {10.1103/PhysRevC.97.025203},
  abstract = {The 𝑓0⁡(1500) meson resonance is one of several contenders to have
              significant mixing with the lightest glueball. This resonance is
              well established from several previous experiments. Here we present
              the first photoproduction data for the 𝑓0⁡(1500) via decay into the
              𝐾0𝑆⁢𝐾0𝑆 channel using the {CLAS} detector. The reaction
              𝛾⁢𝑝→𝑓𝐽⁡𝑝→𝐾0𝑆⁢𝐾0𝑆⁢𝑝, where 𝐽=0,2, was measured with photon energies
              from 2.7–5.1 {GeV}. A clear peak is seen at 1500 {MeV} in the
              background subtracted invariant mass spectra of the two kaons. This
              is enhanced if the measured four-momentum transfer to the proton
              target is restricted to be less than 1.0 {GeV}2. By comparing data
              with simulations, it can be concluded that the peak at 1500 {MeV}
              is produced primarily at low 𝑡, which is consistent with a
              𝑡-channel production mechanism.},
  pages = {025203},
  number = {2},
  journaltitle = {Physical Review C},
  shortjournal = {Phys. Rev. C},
  author = {{The CLAS Collaboration} and Chandavar, S. and Goetz, J. T. and
            Hicks, K. and Keller, D. and Kunkel, M. C. and Paolone, M. and
            Weygand, D. P. and Adhikari, K. P. and Adhikari, S. and Akbar, Z. and
            Ball, J. and Balossino, I. and Barion, L. and Bashkanov, M. and
            Battaglieri, M. and Bedlinskiy, I. and Biselli, A. S. and Briscoe, W.
            J. and Brooks, W. K. and Burkert, V. D. and Cao, F. and Carman, D. S.
            and Celentano, A. and Charles, G. and Chetry, T. and Ciullo, G. and
            Clark, L. and Cole, P. L. and Contalbrigo, M. and Crede, V. and
            D'Angelo, A. and Dashyan, N. and De Vita, R. and De Sanctis, E. and
            Defurne, M. and Deur, A. and Djalali, C. and Dupre, R. and Egiyan, H.
            and El Alaoui, A. and El Fassi, L. and Eugenio, P. and Fedotov, G.
            and Filippi, A. and Fradi, A. and Gavalian, G. and Ghandilyan, Y. and
            Gilfoyle, G. P. and Girod, F. X. and Glazier, D. I. and Gohn, W. and
            Golovatch, E. and Gothe, R. W. and Griffioen, K. A. and Guidal, M.
            and Guo, L. and Hafidi, K. and Hakobyan, H. and Hanretty, C. and
            Harrison, N. and Hattawy, M. and Heddle, D. and Holtrop, M. and
            Ilieva, Y. and Ireland, D. G. and Isupov, E. L. and Jenkins, D. and
            Johnston, S. and Joo, K. and Joosten, S. and Kabir, M. L. and
            Khachatryan, G. and Khachatryan, M. and Khandaker, M. and Kim, W. and
            Klein, A. and Klein, F. J. and Kubarovsky, V. and Lanza, L. and
            Lenisa, P. and Livingston, K. and MacGregor, I. J. D. and Markov, N.
            and McCracken, M. E. and McKinnon, B. and Meyer, C. A. and Mineeva,
            T. and Mokeev, V. and Movsisyan, A. and Munoz Camacho, C. and
            Nadel-Turonski, P. and Niccolai, S. and Niculescu, G. and Osipenko,
            M. and Ostrovidov, A. I. and Paremuzyan, R. and Park, K. and Pasyuk,
            E. and Phelps, W. and Pogorelko, O. and Price, J. W. and Prok, Y. and
            Protopopescu, D. and Raue, B. A. and Ripani, M. and Riser, D. and
            Ritchie, B. G. and Rizzo, A. and Rosner, G. and Sabatié, F. and
            Salgado, C. and Schumacher, R. A. and Sharabian, Y. G. and Simonyan,
            A. and Skorodumina, Iu. and Sokhan, D. and Smith, G. D. and Sparveris
            , N. and Stepanyan, S. and Strakovsky, I. I. and Strauch, S. and
            Ungaro, M. and Voutier, E. and Wei, X. and Zachariou, N. and Zhang,
            J. and Zhao, Z. W.},
  urldate = {2025-01-30},
  date = {2018-02-26},
  note = {Publisher: American Physical Society},
  file = {Full Text PDF:/home/dene/Zotero/storage/CNNWMHFS/The CLAS
          Collaboration et al. - 2018 - Double \$ K _ S ^ 0 \$ photoproduction
          off the proton at CLAS.pdf:application/pdf},
}

@incollection{huang_kk-_2001,
  title = {K+k- and \$k\_s{\textasciicircum}0k\_s{\textasciicircum}0\$
           production in two-photon collisions at belle},
  isbn = {978-981-02-4661-7},
  url = {https://www.worldscientific.com/doi/abs/10.1142/9789812811219_0078},
  pages = {351--354},
  booktitle = {B Physics and {CP} Violation},
  publisher = {{WORLD} {SCIENTIFIC}},
  author = {Huang, H. C.},
  urldate = {2025-01-30},
  date = {2001-09},
  doi = {10.1142/9789812811219_0078},
  file = {Submitted Version:/home/dene/Zotero/storage/NELKJJJX/Huang - 2001 -
          K+k- and \$k_s^0k_s^0\$ production in two-photon collisions at
          belle.pdf:application/pdf},
}

@article{berger_tensor_1988,
  title = {Tensor Meson Excitation in the Reaction {\textbackslash}gamma {
           \textbackslash}gamma {\textbackslash}to K{\textasciicircum}0\_S K{
           \textasciicircum}0\_S},
  volume = {37},
  doi = {10.1007/BF01578125},
  pages = {329},
  journaltitle = {Z. Phys. C},
  author = {Berger, Christoph and {others}},
  date = {1988},
  keywords = {{ELECTRON} {POSITRON}: {INELASTIC} {SCATTERING}, {
              ELECTROPRODUCTION}: {TENSOR} {MESON}, {EXCHANGE}: {TWO}-{PHOTON},
              F2(1525): {WIDTH}, {INELASTIC} {SCATTERING}: {ELECTRON} {POSITRON},
              K0(S): {PAIR} {PRODUCTION}, {PAIR} {PRODUCTION}: K0(S), {PHOTON} {
              PHOTON}: {EXCLUSIVE} {REACTION}, {TENSOR} {MESON}: {
              ELECTROPRODUCTION}, {TWO}-{PHOTON}: {EXCHANGE}},
  file = {Full Text PDF:/home/dene/Zotero/storage/IDVHKW89/Berger and others -
          1988 - Tensor Meson Excitation in the Reaction gamma gamma to K^0_S
          K^0_S.pdf:application/pdf},
}

@article{althoff_production_1983,
  title = {Production of {KK}-pairs{\textless}math{\textgreater}{\textless}mtext
           {\textgreater}K{\textless}/mtext{\textgreater}{\textless}mtext{
           \textgreater}K{\textless}/mtext{\textgreater}{\textless}mtext{
           \textgreater}-pairs{\textless}/mtext{\textgreater}{\textless}/math{
           \textgreater} in photon-photon collisions and the excitation of the
           tensor meson f′(1515)},
  volume = {121},
  issn = {0370-2693},
  url = {https://www.sciencedirect.com/science/article/pii/0370269383909176},
  doi = {10.1016/0370-2693(83)90917-6},
  abstract = {We have observed exclusive production of K+K− and {KSOKSO} pairs
              and the excitation of the f′(1515) tensor meson in photon-photon
              collisions. Assuming the f′ to be production in a helicity 2 state,
              we determine Λ(f′ → γγ) B(f′ → {KK}) = 0.11 ± 0.02 ± 0.04 {keV}.
              The non-strange quark of the f′ is found to be less than 3\% (95\%
              {CL}). For the θ(1640) we derive an upper limit for the product Λ(θ
              rarr; γγ {KK}) {\textless} 0.03 {keV} (95\% {CL}).},
  pages = {216--222},
  number = {2},
  journaltitle = {Physics Letters B},
  shortjournal = {Physics Letters B},
  author = {Althoff, M. and Brandelik, R. and Braunschweig, W. and Gather, K.
            and Kirschfink, F. J. and Lübelsmeyer, K. and Martyn, H. -U. and
            Peise, G. and Rimkus, J. and Sander, H. G. and Schmitz, D. and Siebke
            , H. and Trines, D. and Wallraff, W. and Boerner, H. and Fischer, H.
            M. and Hartmann, H. and Hilger, E. and Hillen, W. and Knop, G. and
            Köpke, L. and Kolanoski, H. and Kück, H. and Wedemeyer, R. and Wermes
            , N. and Wollstadt, M. and Burkhardt, H. and Cooper, S. and Franzke,
            J. and Hochman, D. and Hultschig, H. and Joos, P. and Koch, W. and
            Kötz, U. and Kowalski, H. and Ladage, A. and Löhr, B. and Lüke, D.
            and Mättig, P. and Mess, K. H. and Notz, D. and Pyrlik, J. and
            Quarrie, D. R. and Riethmüller, R. and Schütte, W. and Söding, P. and
            Wolf, G. and Yekutieli, G. and Fohrmann, R. and Krasemann, H. L. and
            Leu, P. and Lohrmann, E. and Pandoulas, D. and Poelz, G. and Schmüser
            , P. and Wiik, B. H. and Al-Agil, I. and Beuselinck, R. and Binnie,
            D. M. and Campbell, A. J. and Dornan, P. J. and Foster, B. and
            Garbutt, D. A. and Jones, T. D. and Jones, W. G. and {McCardle}, J.
            and Sedgebeer, J. K. and Bell, K. W. and Bowler, M. G. and Brock, I.
            C. and Cashmore, R. J. and Carnegie, R. and Clarke, P. E. L. and
            Devenish, R. and Grossmann, P. and Illingworth, J. and Lloyd, S. L.
            and Salmon, G. L. and Thomas, J. and Wyatt, T. R. and Youngman, C.
            and Hart, J. C. and Harvey, J. and Proudfoot, J. and Saxon, D. H. and
            Woodworth, P. L. and Heyland, D. and Holder, M. and Duchovni, E. and
            Eisenberg, Y. and Karshon, U. and Mikenberg, G. and Revel, D. and
            Ronat, E. and Shapira, A. and Barklow, T. and Cherney, M. and Meyer,
            T. and Rudolph, G. and Venkataramania, H. and Wicklund, E. and Wu,
            Sau Lan and Zobernig, G.},
  urldate = {2025-01-30},
  date = {1983-01-27},
  file = {ScienceDirect
          Snapshot:/home/dene/Zotero/storage/68H4GI22/0370269383909176.html:text/html
          },
}

@article{behrend_k0_s_1989,
  title = {The K{\textasciicircum}0\_S K{\textasciicircum}0\_S Final State in {
           \textbackslash}gamma {\textbackslash}gamma Interactions},
  volume = {43},
  doi = {10.1007/BF02430613},
  pages = {91},
  journaltitle = {Z. Phys. C},
  author = {Behrend, H. J. and {others}},
  date = {1989},
  keywords = {{ELECTRON} {POSITRON}: {INELASTIC} {SCATTERING}, {EXCHANGE}: {TWO}
              -{PHOTON}, {INELASTIC} {SCATTERING}: {ELECTRON} {POSITRON}, K0(S):
              {PAIR} {PRODUCTION}, {PAIR} {PRODUCTION}: K0(S), {PHOTON} {PHOTON}:
              {EXCLUSIVE} {REACTION}, {TWO}-{PHOTON}: {EXCHANGE}, {COLLIDING} {
              BEAMS}: {ELECTRON} {POSITRON}, {ELECTRON} {POSITRON}: {COLLIDING} {
              BEAMS}, {MASS} {SPECTRUM}: (2K0(S))},
  file = {Full Text PDF:/home/dene/Zotero/storage/LT7CJ43V/Behrend and others -
          1989 - The K^0_S K^0_S Final State in gamma gamma
          Interactions.pdf:application/pdf},
}

@article{gottesman_peripheral_1980,
  title = {Peripheral production and decay of \$\{K\}\_\{S\}{\textasciicircum}\{
           0\}\{K\}\_\{S\}{\textasciicircum}\{0\}\$ in the reaction \$\{{
           \textbackslash}ensuremath\{{\textbackslash}pi\}\}{\textasciicircum}\{{
           \textbackslash}ensuremath\{-\}\}p{\textbackslash}ensuremath\{{
           \textbackslash}rightarrow\}\{K\}\_\{S\}{\textasciicircum}\{0\}\{K\}\_
           \{S\}{\textasciicircum}\{0\}+{\textbackslash}mathrm\{neutrals\}\$ at
           15.4 {GeV}/c},
  volume = {22},
  url = {https://link.aps.org/doi/10.1103/PhysRevD.22.1503},
  doi = {10.1103/PhysRevD.22.1503},
  abstract = {We report on a moment analysis of the angular distribution of
              𝐾𝑆⁢𝐾𝑆 peripherally produced in the reaction 𝜋−⁢𝑝 →𝐾𝑆⁢𝐾𝑆 +(𝑛 or 𝛥0)
              at 15.4 {GeV}/c. The data suggest the possible presence of a small,
              resonating, spin-4⁢𝐾𝑆⁢𝐾𝑆 partial wave in the 𝐾𝑆⁢𝐾𝑆 mass region 1.9
              to 2.0 {GeV}/𝑐2.},
  pages = {1503--1512},
  number = {7},
  journaltitle = {Physical Review D},
  shortjournal = {Phys. Rev. D},
  author = {Gottesman, S. R. and Fainberg, A. and Goldberg, M. and Horwitz, N.
            and Moneti, G. C. and Weygand, D. P. and Whitman, R. and Jacobs, S.
            M. and Kirsch, L. E. and Moore, S. C. and Schmidt, P. E. and
            Donaldson, C. J. and Gordon, H. A. and Morris, G. R. and Davis, T.
            and Meadows, B. T.},
  urldate = {2025-01-30},
  date = {1980-10-01},
  note = {Publisher: American Physical Society},
  file = {APS
          Snapshot:/home/dene/Zotero/storage/MNN68ENB/PhysRevD.22.html:text/html;Full
          Text PDF:/home/dene/Zotero/storage/IQVZQRQ3/Gottesman et al. - 1980 -
          Peripheral production and decay of \$ K _ S ^ 0 K _ S ^ 0 \$ in the
          reaction \$ ensuremath pi ^ en.pdf:application/pdf},
}

@article{cason_observation_1976,
  title = {Observation of a New Scalar Meson},
  volume = {36},
  url = {https://link.aps.org/doi/10.1103/PhysRevLett.36.1485},
  doi = {10.1103/PhysRevLett.36.1485},
  abstract = {We have observed the production of a new scalar meson of mass 1255
              ± 5 {MeV} and width 79 ± 10 {MeV}. The meson is observed primarily
              through the interference of the 𝑆-wave and 𝐷-wave 𝐾𝑠0⁢𝐾𝑠0
              production amplitudes in the reaction 𝜋−⁢𝑝 →𝑛⁢𝐾𝑠0⁢𝐾𝑠0 at 6 and 7 {
              GeV}/c. The 𝑆-wave amplitude and phase are both observed to have
              Breit-Wigner behavior. The quantum numbers of the meson are 𝐽𝑃 =0+
              and 𝐶 =+1 with 𝐼𝐺 =1− preferred.},
  pages = {1485--1488},
  number = {25},
  journaltitle = {Physical Review Letters},
  shortjournal = {Phys. Rev. Lett.},
  author = {Cason, N. M. and Polychronakos, V. A. and Bishop, J. M. and Biswas,
            N. N. and Kenney, V. P. and Rhines, D. S. and Shephard, W. D. and
            Watson, J. M.},
  urldate = {2025-01-30},
  date = {1976-06-21},
  note = {Publisher: American Physical Society},
  file = {APS
          Snapshot:/home/dene/Zotero/storage/497CWU9M/PhysRevLett.36.html:text/html;Full
          Text PDF:/home/dene/Zotero/storage/YCDCJVFT/Cason et al. - 1976 -
          Observation of a New Scalar Meson.pdf:application/pdf},
}

@article{vladimirsky_analysis_2006,
  title = {Analysis of the {KSKS} system from the reaction π−p → {KSKSn} at 40 {
           GeV}},
  volume = {69},
  issn = {1562-692X},
  url = {https://doi.org/10.1134/S1063778806030124},
  doi = {10.1134/S1063778806030124},
  abstract = {On the basis of experimental data from the 6-m spectrometer of the
              Institute of Theoretical and Experimental Physics ({ITEP}, Moscow),
              an amplitude analysis of 40 553 events of the reaction π−p → {KSKSn
              } induced by a negatively charged pion of energy 40 {GeV} is
              performed over a broad momentumtransfer range by using a new
              procedure. The results for {\textbar}t{\textbar} {\textgreater} 0.1
              {GeV}2 are obtained for the first time. In particular, resonances
              of mass 1700 and 1900 {MeV} and width 120 {MeV} are discovered in
              the D+ wave (there were no such resonances for {\textbar}t{\textbar
              } {\textless} 0.1 {GeV}2). In the region of low momentum transfers,
              the S wave exhibits a structure that lies in the mass region around
              1370 {MeV} and which requires three resonances for its explanation.
              Two of these (that of mass 1234 ± 6 {MeV} and width 47 ± 33 {MeV}
              and that of mass 1478 ± 6 {MeV} and width 119 ± 10 {MeV}) were
              found in the studies of A. Etkin et al. [Phys. Rev. D 25, 2446
              (1982)] and O.N. Baloshin et al. \{Yad. Fiz. 43, 1487 (1986) [Phys.
              At. Nucl. 43, 959 (1986)]\}. The third has a mass of 1389 ± 9 {MeV}
              and a width of 30 ± 24 {MeV}. At high momentum transfers, the S
              wave is found to feature resonances that have the following
              parameters: M = 1328 ± 8 {MeV} and Γ = 237 ± 20 {MeV}, M = 1440 ± 6
              {MeV} and Γ = 121 ± 15 {MeV}, and M = 1776 ± 15 {MeV} and Γ = 250 ±
              30 {MeV}. For the D0 wave, it is found that, in addition to the
              well-known resonances f2, a2, and f′2, there appear the following
              resonances in this wave: a resonance of mass 2005 ± 12 {MeV} and
              width 209 ± 32 {MeV} and a resonance of mass 2270 ± 12 {MeV} and
              width 90 ± 29 {MeV} at low {\textbar}t{\textbar} and a resonance of
              mass 1659 ± 6 and width 152 ± 18 and a resonance of mass 2200 ± 13
              {MeV} and width 91 ± 62 {MeV} at high {\textbar}t{\textbar}.},
  pages = {493--509},
  number = {3},
  journaltitle = {Physics of Atomic Nuclei},
  shortjournal = {Phys. Atom. Nuclei},
  author = {Vladimirsky, V. V. and Grigor’ev, V. K. and Erofeev, I. A. and
            Erofeeva, O. N. and Katinov, Yu. V. and Lisin, V. I. and Luzin, V. N.
            and Nozdrachev, V. N. and Sokolovsky, V. V. and Tikhomirov, G. D. and
            Shkurenko, Yu. P.},
  urldate = {2025-01-30},
  date = {2006-03-01},
  langid = {english},
  keywords = {11.80.Et, 14.40.Cs},
  file = {Full Text PDF:/home/dene/Zotero/storage/BMXIHURP/Vladimirsky et al. -
          2006 - Analysis of the KSKS system from the reaction π−p → KSKSn at 40
          GeV.pdf:application/pdf},
}

@article{barreiro_production_1977,
  title = {Production and decay properties of f′(1514) in K−p interactions at
           4.2 {GeV}/\textit{c}},
  volume = {121},
  issn = {0550-3213},
  url = {https://www.sciencedirect.com/science/article/pii/0550321377904369},
  doi = {10.1016/0550-3213(77)90436-9},
  abstract = {Results are presented for the hypercharge exchange reaction
              K−p→f′(1514)Λ at a beam momentum of 4.15 {GeV}/c. Total and
              differential cross sections have been determined. The Λ
              polarization and the tensor meson density matrix elements are given
              as a function of t′.},
  pages = {237--250},
  number = {2},
  journaltitle = {Nuclear Physics B},
  shortjournal = {Nuclear Physics B},
  author = {Barreiro, F. and Diaz, J. and Gay, J. B. and Hemingway, R. J. and
            Holmgren, S. O. and Losty, M. J. and Jongejans, B. and Kluyver, J. C.
            and Massaro, G. G. G. and Metzger, W. J. and Tiecke, H. G. and
            Timmermans, J. J. M. and Grossmann, P. and {McDowell}, W. L.},
  urldate = {2025-01-31},
  date = {1977-04-04},
  file = {ScienceDirect
          Snapshot:/home/dene/Zotero/storage/P2TFFQXN/0550321377904369.html:text/html
          },
}

@article{erwin_experimental_1962,
  title = {Experimental Cross Section for \${\textbackslash}ensuremath\{{
           \textbackslash}pi\}{\textbackslash}ensuremath\{{\textbackslash}pi\}{
           \textbackslash}ensuremath\{{\textbackslash}rightarrow\}K{
           \textbackslash}overline\{K\}\$},
  volume = {9},
  url = {https://link.aps.org/doi/10.1103/PhysRevLett.9.34},
  doi = {10.1103/PhysRevLett.9.34},
  pages = {34--36},
  number = {1},
  journaltitle = {Physical Review Letters},
  shortjournal = {Phys. Rev. Lett.},
  author = {Erwin, A. R. and Hoyer, G. A. and March, R. H. and Walker, W. D. and
            Wangler, T. P.},
  urldate = {2025-01-31},
  date = {1962-07-01},
  note = {Publisher: American Physical Society},
  file = {APS
          Snapshot:/home/dene/Zotero/storage/S9LLVJY2/PhysRevLett.9.html:text/html
          },
}

@article{alexander_final-state_1962,
  title = {Final-State Interactions in the \$\{{\textbackslash}ensuremath\{{
           \textbackslash}pi\}\}{\textasciicircum}\{{\textbackslash}ensuremath\{-
           \}\}+p{\textbackslash}ensuremath\{{\textbackslash}rightarrow\}K+{
           \textbackslash}overline\{K\}+N\$ Reaction},
  volume = {9},
  url = {https://link.aps.org/doi/10.1103/PhysRevLett.9.460},
  doi = {10.1103/PhysRevLett.9.460},
  pages = {460--464},
  number = {11},
  journaltitle = {Physical Review Letters},
  shortjournal = {Phys. Rev. Lett.},
  author = {Alexander, Gideon and Dahl, Orin I. and Jacobs, Laurance and
            Kalbfleisch, George R. and Miller, Donald H. and Rittenberg, Alan and
            Schwartz, Joseph and Smith, Gerald A.},
  urldate = {2025-01-31},
  date = {1962-12-01},
  note = {Publisher: American Physical Society},
  file = {APS
          Snapshot:/home/dene/Zotero/storage/ZMG52ZSF/PhysRevLett.9.html:text/html
          },
}

@article{crennell_observation_1966,
  title = {Observation of an Enhancement in the \$I=0\$ \$\{\{K\}\_\{1\}\}{
           \textasciicircum}\{0\}\{\{K\}\_\{1\}\}{\textasciicircum}\{0\}\$ System
           at 1068 {MeV}},
  volume = {16},
  url = {https://link.aps.org/doi/10.1103/PhysRevLett.16.1025},
  doi = {10.1103/PhysRevLett.16.1025},
  pages = {1025--1029},
  number = {22},
  journaltitle = {Physical Review Letters},
  shortjournal = {Phys. Rev. Lett.},
  author = {Crennell, David J. and Kalbfleisch, George R. and Lai, Kwan Wu and
            Scarr, J. Michael and Schumann, Thomas G. and Skillicorn, Ian O. and
            Webster, Medford S.},
  urldate = {2025-01-31},
  date = {1966-05-30},
  note = {Publisher: American Physical Society},
  file = {APS
          Snapshot:/home/dene/Zotero/storage/2YFLEVPN/PhysRevLett.16.html:text/html
          },
}

@article{hess_low-mass_1966,
  title = {Low-Mass \$K{\textbackslash}overline\{K\}\$ Systems Produced in \$\{{
           \textbackslash}ensuremath\{{\textbackslash}pi\}\}{\textasciicircum}\{{
           \textbackslash}ensuremath\{-\}\}p\$ Interactions Below 5 {BeV}/c},
  volume = {17},
  url = {https://link.aps.org/doi/10.1103/PhysRevLett.17.1109},
  doi = {10.1103/PhysRevLett.17.1109},
  abstract = {In a study of 𝐾⁢¯𝐾 pairs produced in 𝜋−⁢𝑝 interactions from 1.5 to
              4.2 {BeV}/c, we observe the 𝐾10⁢𝐾10 threshold enhancement at all
              beam momenta, and the 𝜙 meson at beam momenta below 2.3 {BeV}/c.
              There are no significant enhancements in the 𝐾0⁢𝐾− system near
              threshold.},
  pages = {1109--1112},
  number = {21},
  journaltitle = {Physical Review Letters},
  shortjournal = {Phys. Rev. Lett.},
  author = {Hess, Richard I. and Dahl, Orin I. and Hardy, Lyndon M. and Kirz,
            Janos and Miller, Donald H.},
  urldate = {2025-01-31},
  date = {1966-11-21},
  note = {Publisher: American Physical Society},
  file = {APS
          Snapshot:/home/dene/Zotero/storage/W4I4FB7K/PhysRevLett.17.html:text/html
          },
}

@article{dahl_strange-particle_1967,
  title = {Strange-Particle Production in \$\{{\textbackslash}ensuremath\{{
           \textbackslash}pi\}\}{\textasciicircum}\{{\textbackslash}ensuremath\{-
           \}\}p\$ Interactions from \$1.5 {\textbackslash}mathrm\{to\} 4.2 {
           \textbackslash}frac\{{\textbackslash}mathrm\{{BeV}\}\}\{c\}\$. I.
           Three-and-More-Body Final States},
  volume = {163},
  url = {https://link.aps.org/doi/10.1103/PhysRev.163.1377},
  doi = {10.1103/PhysRev.163.1377},
  abstract = {We have investigated 𝜋−⁢𝑝 interactions from 1.5 to 4.2 {BeV}𝑐 in
              the Lawrence Radiation Laboratory's 72-in. hydrogen bubble chamber.
              This report describes the procedures for identifying and analyzing
              the reactions involving strange-particle production, and the
              results obtained on three- and more-body final states. The analysis
              is based on 890 000 photographs, on which 50 000 strange-particle
              events were found. Cross sections for the constrained final states
              are presented as a function of the beam momentum. The peripheral
              production of low-lying resonances is found to be the outstanding
              feature of the reactions. Dalitz plots and their projections are
              shown for the three-body final states. Production of 𝑌*0⁡(1405),
              𝑌*0⁡(1520), 𝑌*0⁡(1815), 𝑌*1⁡(1385), 𝐾*⁡(890), and 𝐾*⁡(1440) is
              observed, as well as the 𝐾⁢¯𝐾 decays of the 𝐴2 and the 𝜑 meson.
              Cross sections and angular distributions for production and decay
              of these resonances are presented. The results concerning the
              𝐾*⁡(890) are compared with absorption-model predictions.
              Effective-mass distributions for particle pairs and triplets are
              given for the four-body final states. In these states the 𝐷 and the
              𝐸 meson and simultaneous 𝑌*⁢𝐾* production are also seen. Evidence
              concerning the quantum numbers of the 𝐴2, the 𝐷, the 𝐸, and the
              𝐾*⁡(1440) is discussed. The behavior of the 𝐾⁢¯𝐾 system near
              threshold is examined. A small amount of 𝛯 production is observed,
              and the 𝛯*⁡(1530) is also seen.},
  pages = {1377--1429},
  number = {5},
  journaltitle = {Physical Review},
  shortjournal = {Phys. Rev.},
  author = {Dahl, Orin I. and Hardy, Lyndon M. and Hess, Richard I. and Kirz,
            Janos and Miller, Donald H.},
  urldate = {2025-01-31},
  date = {1967-11-25},
  note = {Publisher: American Physical Society},
  file = {APS
          Snapshot:/home/dene/Zotero/storage/N7SU25I4/PhysRev.163.html:text/html},
}

@article{beusch_observation_1967,
  title = {Observation of resonance in the {KO}1KO1 system},
  volume = {25},
  issn = {0370-2693},
  url = {https://www.sciencedirect.com/science/article/pii/0370269367900950},
  doi = {10.1016/0370-2693(67)90095-0},
  abstract = {We have analyzed 2560 events in the final-state {KO}1KO1n produced
              in π−p interactions at 5, 7 and 12 {GeV}/c. We observe the S∗
              (1070), {fO} and A2 decaying into {KO}1KO1. Resonance parameters,
              cross sections, and branching ratios are given.},
  pages = {357--361},
  number = {5},
  journaltitle = {Physics Letters B},
  shortjournal = {Physics Letters B},
  author = {Beusch, W. and Fischer, W. E. and Gobbi, B. and Pepin, M. and Polgar
            , E. and Astbury, P. and Brautti, G. and Finocchiaro, G. and Lassalle
            , J. C. and Michelini, A. and Terwilliger, K. M. and Websdale, D. and
            West, C. H.},
  urldate = {2025-01-31},
  date = {1967-09-18},
  file = {ScienceDirect
          Snapshot:/home/dene/Zotero/storage/LZ399NEJ/0370269367900950.html:text/html
          },
}

@article{hoang_k_1_0k_1_0_1968,
  title = {\$K\_\{1\}{\textasciicircum}\{\}\{\}\_\{\}\{\}{\textasciicircum}\{0\}
           K\_\{1\}{\textasciicircum}\{\}\{\}\_\{\}\{\}{\textasciicircum}\{0\}\$
           Threshold Enhancement in \$\{{\textbackslash}ensuremath\{{
           \textbackslash}pi\}\}{\textasciicircum}\{{\textbackslash}ensuremath\{-
           \}\}p{\textbackslash}ensuremath\{{\textbackslash}rightarrow\}K\_\{1\}{
           \textasciicircum}\{\}\{\}\_\{\}\{\}{\textasciicircum}\{0\}K\_\{1\}{
           \textasciicircum}\{\}\{\}\_\{\}\{\}{\textasciicircum}\{0\}n\$ at 4 and
           5 {GeV}/c},
  volume = {21},
  url = {https://link.aps.org/doi/10.1103/PhysRevLett.21.316},
  doi = {10.1103/PhysRevLett.21.316},
  abstract = {The reaction 𝜋−⁢𝑝 →𝐾01⁢𝐾01⁢𝑛 has been investigated at 4 and 5 {GeV
              }/c in a spark-chamber experiment. The threshold enhancement in the
              𝑠-wave 𝐾01⁢𝐾01 system can be fitted by either a complex scattering
              length or by a resonance form.},
  pages = {316--319},
  number = {5},
  journaltitle = {Physical Review Letters},
  shortjournal = {Phys. Rev. Lett.},
  author = {Hoang, T. F. and Eartly, D. P. and Phelan, J. J. and Roberts, A. and
            Sandler, C. L. and Bernstein, S. and Margulies, S. and {McLeod}, D.
            W. and Groves, T. H. and Biswas, N. N. and Cason, N. M. and Kenney,
            V. P. and Marraffino, J. M. and {McGahan}, J. T. and Poirier, J. A.
            and Shephard, W. D.},
  urldate = {2025-01-31},
  date = {1968-07-29},
  note = {Publisher: American Physical Society},
  file = {APS
          Snapshot:/home/dene/Zotero/storage/K9XW3QVR/PhysRevLett.21.html:text/html
          },
}

@article{hoang_investigation_1969,
  title = {Investigation of \$\{{\textbackslash}ensuremath\{{\textbackslash}pi\}
           \}{\textasciicircum}\{{\textbackslash}ensuremath\{-\}\}p{
           \textbackslash}ensuremath\{{\textbackslash}rightarrow\}K\_\{1\}{
           \textasciicircum}\{\}\{\}\_\{\}\{\}{\textasciicircum}\{0\}K\_\{1\}{
           \textasciicircum}\{\}\{\}\_\{\}\{\}{\textasciicircum}\{0\}n\$ at 4 and
           5 {GeV}/c},
  volume = {184},
  url = {https://link.aps.org/doi/10.1103/PhysRev.184.1363},
  doi = {10.1103/PhysRev.184.1363},
  abstract = {The reaction 𝜋−⁢𝑝 →𝐾01⁢𝐾01⁢𝑛 has been investigated at 4 and 5 {GeV
              }/c in a spark-chamber experiment. The threshold enhancement in the
              𝑠-wave 𝐾01⁢𝐾01 system is observed and can be fitted either by a
              complex scattering length or by a resonance form. An enhancement is
              also evident in the region of the 𝑓0 and 𝐴02 mesons, but no
              unambiguous interpretation of this effect can be given.},
  pages = {1363--1374},
  number = {5},
  journaltitle = {Physical Review},
  shortjournal = {Phys. Rev.},
  author = {Hoang, T. F. and Eartly, D. P. and Phelan, J. J. and Roberts, A. and
            Sandler, C. L. and Bernstein, S. and Margulies, S. and {McLeod}, D.
            W. and Groves, T. H. and Biswas, N. N. and Cason, N. M. and Kenney,
            V. P. and Marraffino, J. M. and {McGahan}, J. T. and Poirier, J. A.
            and Shephard, W. D.},
  urldate = {2025-01-31},
  date = {1969-08-25},
  note = {Publisher: American Physical Society},
  file = {APS
          Snapshot:/home/dene/Zotero/storage/9T7QG4PJ/PhysRev.184.html:text/html},
}

@article{beusch_new_1975,
  title = {A new upper limit for the decay rate \textit{Γ}(f′ → \textit{ππ})},
  volume = {60},
  issn = {0370-2693},
  url = {https://www.sciencedirect.com/science/article/pii/0370269375905390},
  doi = {10.1016/0370-2693(75)90539-0},
  abstract = {Data from an experiment on π− p → {KS}0KS0n are used to compare
              the {KK} D-wave at the f′(1516) mass with that at the f(1270) mass.
              The ratio yields an upper limit for f′ production by ππ scattering
              followed by decay into {KK}. This limit can be expressed by Γ(f′ →
              ππ)Γ(f′ → all) ⪅ 1\% or Γ(f′ → ππ)Γ(f → ππ) ≤ 1/400; this indeicate
              a suppression of the two-pion decay of the f′, stronger than the
              well-known suppression of the φ(1019) → ϱπ decay.},
  pages = {101--104},
  number = {1},
  journaltitle = {Physics Letters B},
  shortjournal = {Physics Letters B},
  author = {Beusch, W. and Birman, A. and Websdale, D. and Wetzel, W.},
  urldate = {2025-01-31},
  date = {1975-12-22},
  file = {ScienceDirect
          Snapshot:/home/dene/Zotero/storage/QABEBZC7/0370269375905390.html:text/html;Submitted
          Version:/home/dene/Zotero/storage/NADLQQ4M/Beusch et al. - 1975 - A new
          upper limit for the decay rate Γ(f′ → ππ).pdf:application/pdf},
}

@article{wetzel_study_1976,
  title = {A study of \textit{ππ} → {KK}{\textless}math{\textgreater}{\textless}
           mtext{\textgreater}K{\textless}/mtext{\textgreater}{\textless}mtext{
           \textgreater}K{\textless}/mtext{\textgreater}{\textless}/math{
           \textgreater} using an experiment on \textit{π}−p → {KS}0KS0n at 8.9 {
           GeV}/\textit{c}},
  volume = {115},
  issn = {0550-3213},
  url = {https://www.sciencedirect.com/science/article/pii/0550321376902546},
  doi = {10.1016/0550-3213(76)90254-6},
  abstract = {We present an analysis of the {KS}0KS0 system, based on 6380
              events, produced in the reactions π−p → {KS}0KS0n. Using a one-pion
              exchange model with absorption we determine the S- and D-wave
              amplitudes of ππ → {KK}. Several A2 production amplitudes were also
              included in the fits and we conclude that an unnatural parity
              exchange amplitudes which does not interfere with pion exchange,
              seems to present. A branching ratio Γ(f → {KK}/ Γ(f → ππ) = 0.029 ±
              0.006 is determined. With this and other new values of branching
              ratios we have fitted the 2+ → 0−0− decay rates of the {SU}(3)
              relations resulting in (36.2 ± 1)° for the tensor nonet mixing
              angle.},
  pages = {208--236},
  number = {2},
  journaltitle = {Nuclear Physics B},
  shortjournal = {Nuclear Physics B},
  author = {Wetzel, W. and Freudenreich, K. and Gentit, F. X. and Muhlemann, P.
            and Beusch, W. and Birman, A. and Websdale, D. and Astbury, P. and
            Harckham, A. and Letheren, M.},
  urldate = {2025-01-31},
  date = {1976-11-22},
  file = {ScienceDirect
          Snapshot:/home/dene/Zotero/storage/L57S8EHF/0550321376902546.html:text/html;Submitted
          Version:/home/dene/Zotero/storage/DSV5UNS8/Wetzel et al. - 1976 - A
          study of ππ → KKKK using an experiment on π.pdf:application/pdf},
}

@article{cason_observation_1976-1,
  title = {Observation of a New Scalar Meson},
  volume = {36},
  url = {https://link.aps.org/doi/10.1103/PhysRevLett.36.1485},
  doi = {10.1103/PhysRevLett.36.1485},
  abstract = {We have observed the production of a new scalar meson of mass 1255
              ± 5 {MeV} and width 79 ± 10 {MeV}. The meson is observed primarily
              through the interference of the 𝑆-wave and 𝐷-wave 𝐾𝑠0⁢𝐾𝑠0
              production amplitudes in the reaction 𝜋−⁢𝑝 →𝑛⁢𝐾𝑠0⁢𝐾𝑠0 at 6 and 7 {
              GeV}/c. The 𝑆-wave amplitude and phase are both observed to have
              Breit-Wigner behavior. The quantum numbers of the meson are 𝐽𝑃 =0+
              and 𝐶 =+1 with 𝐼𝐺 =1− preferred.},
  pages = {1485--1488},
  number = {25},
  journaltitle = {Physical Review Letters},
  shortjournal = {Phys. Rev. Lett.},
  author = {Cason, N. M. and Polychronakos, V. A. and Bishop, J. M. and Biswas,
            N. N. and Kenney, V. P. and Rhines, D. S. and Shephard, W. D. and
            Watson, J. M.},
  urldate = {2025-01-31},
  date = {1976-06-21},
  note = {Publisher: American Physical Society},
  file = {APS
          Snapshot:/home/dene/Zotero/storage/H8BHMM3C/PhysRevLett.36.html:text/html
          },
}

@article{barreiro_production_1977-1,
  title = {Production and decay properties of f′(1514) in K−p interactions at
           4.2 {GeV}/\textit{c}},
  volume = {121},
  issn = {0550-3213},
  url = {https://www.sciencedirect.com/science/article/pii/0550321377904369},
  doi = {10.1016/0550-3213(77)90436-9},
  abstract = {Results are presented for the hypercharge exchange reaction
              K−p→f′(1514)Λ at a beam momentum of 4.15 {GeV}/c. Total and
              differential cross sections have been determined. The Λ
              polarization and the tensor meson density matrix elements are given
              as a function of t′.},
  pages = {237--250},
  number = {2},
  journaltitle = {Nuclear Physics B},
  shortjournal = {Nuclear Physics B},
  author = {Barreiro, F. and Diaz, J. and Gay, J. B. and Hemingway, R. J. and
            Holmgren, S. O. and Losty, M. J. and Jongejans, B. and Kluyver, J. C.
            and Massaro, G. G. G. and Metzger, W. J. and Tiecke, H. G. and
            Timmermans, J. J. M. and Grossmann, P. and {McDowell}, W. L.},
  urldate = {2025-01-31},
  date = {1977-04-04},
  file = {ScienceDirect
          Snapshot:/home/dene/Zotero/storage/L7MNJKJ4/0550321377904369.html:text/html
          },
}

@article{polychronakos_study_1979,
  title = {Study of the reaction \$\{{\textbackslash}ensuremath\{{\textbackslash
           }pi\}\}{\textasciicircum}\{{\textbackslash}ensuremath\{-\}\}p{
           \textbackslash}ensuremath\{{\textbackslash}rightarrow\}n\{K\}\_\{S\}{
           \textasciicircum}\{0\}\{K\}\_\{S\}{\textasciicircum}\{0\}\$ at 6.0 and
           7.0 {GeV}/c},
  volume = {19},
  url = {https://link.aps.org/doi/10.1103/PhysRevD.19.1317},
  doi = {10.1103/PhysRevD.19.1317},
  abstract = {The 𝐾0𝑆⁢𝐾0𝑆 system produced in the reaction 𝜋−⁢𝑝 →𝑛⁢𝐾0𝑆⁢𝐾0𝑆 at 6.0
              and 7 0 {GeV}/c has been studied utilizing the {ANL} 1.5-m
              streamer-chamber facility. A 400 000-photograph exposure yielded
              5096 unweighted 𝑛⁢𝐾0𝑆⁢𝐾0𝑆 events. The cross section for this
              reaction was determined to be 9.6 ± 1.3 μb at 6.0 {GeV}/c and 8.7 ±
              1.1 μb at 7.0 {GeV}/c. The decay angular distributions were
              parametrized in terms of moments of the spherical harmonics. The
              〈𝑌04〉 moment was fitted to interfering Breit-Wigner amplitudes for
              the 𝑓 and 𝑓′ mesons. Using this fit, the branching ratio 𝑅
              =𝛤⁡(𝑓→𝐾⁢¯𝐾)𝛤⁡(𝑓→all) was found to be (2.3 ± 0.8)\%. An
              energy-independent production-amplitude analysis revealed an
              enhancement in the 𝑆-wave amplitude near 1300 {MeV}. The properties
              of the 𝑆-wave enhancement are discussed and compared with those
              observed in other recent experiments. Extrapolated cross sections
              for the reaction 𝜋⁢𝜋 →𝐾0𝑆⁢𝐾0𝑆 are presented. We find a cross
              section considerably below the 𝑆-wave unitarity limit in the 𝑆*
              region.},
  pages = {1317--1335},
  number = {5},
  journaltitle = {Physical Review D},
  shortjournal = {Phys. Rev. D},
  author = {Polychronakos, V. A. and Cason, N. M. and Bishop, J. M. and Biswas,
            N. N. and Kenney, V. P. and Rhines, D. S. and Ruchti, R. C. and
            Shephard, W. D. and Stangl, M. J. and Watson, J. M.},
  urldate = {2025-01-31},
  date = {1979-03-01},
  note = {Publisher: American Physical Society},
  file = {APS
          Snapshot:/home/dene/Zotero/storage/NT2S9TIL/PhysRevD.19.html:text/html},
}

@article{gottesman_peripheral_1980-1,
  title = {Peripheral production and decay of \$\{K\}\_\{S\}{\textasciicircum}\{
           0\}\{K\}\_\{S\}{\textasciicircum}\{0\}\$ in the reaction \$\{{
           \textbackslash}ensuremath\{{\textbackslash}pi\}\}{\textasciicircum}\{{
           \textbackslash}ensuremath\{-\}\}p{\textbackslash}ensuremath\{{
           \textbackslash}rightarrow\}\{K\}\_\{S\}{\textasciicircum}\{0\}\{K\}\_
           \{S\}{\textasciicircum}\{0\}+{\textbackslash}mathrm\{neutrals\}\$ at
           15.4 {GeV}/c},
  volume = {22},
  url = {https://link.aps.org/doi/10.1103/PhysRevD.22.1503},
  doi = {10.1103/PhysRevD.22.1503},
  abstract = {We report on a moment analysis of the angular distribution of
              𝐾𝑆⁢𝐾𝑆 peripherally produced in the reaction 𝜋−⁢𝑝 →𝐾𝑆⁢𝐾𝑆 +(𝑛 or 𝛥0)
              at 15.4 {GeV}/c. The data suggest the possible presence of a small,
              resonating, spin-4⁢𝐾𝑆⁢𝐾𝑆 partial wave in the 𝐾𝑆⁢𝐾𝑆 mass region 1.9
              to 2.0 {GeV}/𝑐2.},
  pages = {1503--1512},
  number = {7},
  journaltitle = {Physical Review D},
  shortjournal = {Phys. Rev. D},
  author = {Gottesman, S. R. and Fainberg, A. and Goldberg, M. and Horwitz, N.
            and Moneti, G. C. and Weygand, D. P. and Whitman, R. and Jacobs, S.
            M. and Kirsch, L. E. and Moore, S. C. and Schmidt, P. E. and
            Donaldson, C. J. and Gordon, H. A. and Morris, G. R. and Davis, T.
            and Meadows, B. T.},
  urldate = {2025-01-31},
  date = {1980-10-01},
  note = {Publisher: American Physical Society},
  file = {APS
          Snapshot:/home/dene/Zotero/storage/BGKNIU9C/PhysRevD.22.html:text/html},
}

@article{etkin_amplitude_1982,
  title = {Amplitude analysis of the \$\{K\}\_\{S\}{\textasciicircum}\{0\}\{K\}
           \_\{S\}{\textasciicircum}\{0\}\$ system produced in the reaction \$\{{
           \textbackslash}ensuremath\{{\textbackslash}pi\}\}{\textasciicircum}\{{
           \textbackslash}ensuremath\{-\}\}p{\textbackslash}ensuremath\{{
           \textbackslash}rightarrow\}\{K\}\_\{S\}{\textasciicircum}\{0\}\{K\}\_
           \{S\}{\textasciicircum}\{0\}n\$ at 23 {GeV}/c},
  volume = {25},
  url = {https://link.aps.org/doi/10.1103/PhysRevD.25.1786},
  doi = {10.1103/PhysRevD.25.1786},
  abstract = {We have carried out an amplitude analysis of the 𝐾0𝑆⁢𝐾0𝑆 system
              produced in the reaction 𝜋−⁢𝑝 →𝐾0𝑆⁢𝐾0𝑆⁢𝑛 at 23 {GeV}/c, based on
              about 15 000 events in the low-𝑡 region ({\textbar}𝑡 −𝑡min{\textbar
              } {\textless}0.1 {GeV}2). Below 1.6 {GeV}/𝑐2, our favored solution
              is very similar to those from previous analyses. For higher masses,
              we observe the 𝐾0𝑆⁢𝐾0𝑆 decay of the ℎ⁡(2040) meson. In addition,
              the 𝑙 =0 partial wave contains a new state, strongly coupled to
              𝐾0𝑆⁢𝐾0𝑆, with parameters 𝑀 =1.771+0.077−0.053 {GeV}/𝑐2 and 𝛤
              =0.200+0.156−0.009 {GeV}/𝑐2. Since this state is most probably 𝐼 =0
              , we call it the 𝑆*′⁡(1770). We find an 𝑓′𝑓 production ratio of
              0.23+0.14−0.13, and branching ratios for 𝑓-meson and ℎ⁡(2040)-meson
              decays into 𝐾⁢¯𝐾 of (3.1+0.7−1.7)\% and (0.67+0.41−0.15)\%,
              respectively. We find, in a detailed comparison of our results with
              those from other experiments, that our solution is compatible with
              all known features of both charged and neutral 𝐾⁢¯𝐾 systems.},
  pages = {1786--1802},
  number = {7},
  journaltitle = {Physical Review D},
  shortjournal = {Phys. Rev. D},
  author = {Etkin, A. and Foley, K. J. and Longacre, R. S. and Love, W. A. and
            Morris, T. W. and Ozaki, S. and Platner, E. D. and Polychronakos, V.
            A. and Saulys, A. C. and Teramato, Y. and Wheeler, C. D. and Willen,
            E. H. and Lai, K. -W. and Lindenbaum, S. J. and Kramer, M. A. and
            Mallik, U. and Mann, W. A. and Merenyi, R. and Marraffino, J. and
            Roos, C. E. and Webster, M. S.},
  urldate = {2025-01-31},
  date = {1982-04-01},
  note = {Publisher: American Physical Society},
  file = {APS
          Snapshot:/home/dene/Zotero/storage/SFFJC8D8/PhysRevD.25.html:text/html},
}

@article{althoff_production_1983-1,
  title = {Production of {KK}-pairs{\textless}math{\textgreater}{\textless}mtext
           {\textgreater}K{\textless}/mtext{\textgreater}{\textless}mtext{
           \textgreater}K{\textless}/mtext{\textgreater}{\textless}mtext{
           \textgreater}-pairs{\textless}/mtext{\textgreater}{\textless}/math{
           \textgreater} in photon-photon collisions and the excitation of the
           tensor meson f′(1515)},
  volume = {121},
  issn = {0370-2693},
  url = {https://www.sciencedirect.com/science/article/pii/0370269383909176},
  doi = {10.1016/0370-2693(83)90917-6},
  abstract = {We have observed exclusive production of K+K− and {KSOKSO} pairs
              and the excitation of the f′(1515) tensor meson in photon-photon
              collisions. Assuming the f′ to be production in a helicity 2 state,
              we determine Λ(f′ → γγ) B(f′ → {KK}) = 0.11 ± 0.02 ± 0.04 {keV}.
              The non-strange quark of the f′ is found to be less than 3\% (95\%
              {CL}). For the θ(1640) we derive an upper limit for the product Λ(θ
              rarr; γγ {KK}) {\textless} 0.03 {keV} (95\% {CL}).},
  pages = {216--222},
  number = {2},
  journaltitle = {Physics Letters B},
  shortjournal = {Physics Letters B},
  author = {Althoff, M. and Brandelik, R. and Braunschweig, W. and Gather, K.
            and Kirschfink, F. J. and Lübelsmeyer, K. and Martyn, H. -U. and
            Peise, G. and Rimkus, J. and Sander, H. G. and Schmitz, D. and Siebke
            , H. and Trines, D. and Wallraff, W. and Boerner, H. and Fischer, H.
            M. and Hartmann, H. and Hilger, E. and Hillen, W. and Knop, G. and
            Köpke, L. and Kolanoski, H. and Kück, H. and Wedemeyer, R. and Wermes
            , N. and Wollstadt, M. and Burkhardt, H. and Cooper, S. and Franzke,
            J. and Hochman, D. and Hultschig, H. and Joos, P. and Koch, W. and
            Kötz, U. and Kowalski, H. and Ladage, A. and Löhr, B. and Lüke, D.
            and Mättig, P. and Mess, K. H. and Notz, D. and Pyrlik, J. and
            Quarrie, D. R. and Riethmüller, R. and Schütte, W. and Söding, P. and
            Wolf, G. and Yekutieli, G. and Fohrmann, R. and Krasemann, H. L. and
            Leu, P. and Lohrmann, E. and Pandoulas, D. and Poelz, G. and Schmüser
            , P. and Wiik, B. H. and Al-Agil, I. and Beuselinck, R. and Binnie,
            D. M. and Campbell, A. J. and Dornan, P. J. and Foster, B. and
            Garbutt, D. A. and Jones, T. D. and Jones, W. G. and {McCardle}, J.
            and Sedgebeer, J. K. and Bell, K. W. and Bowler, M. G. and Brock, I.
            C. and Cashmore, R. J. and Carnegie, R. and Clarke, P. E. L. and
            Devenish, R. and Grossmann, P. and Illingworth, J. and Lloyd, S. L.
            and Salmon, G. L. and Thomas, J. and Wyatt, T. R. and Youngman, C.
            and Hart, J. C. and Harvey, J. and Proudfoot, J. and Saxon, D. H. and
            Woodworth, P. L. and Heyland, D. and Holder, M. and Duchovni, E. and
            Eisenberg, Y. and Karshon, U. and Mikenberg, G. and Revel, D. and
            Ronat, E. and Shapira, A. and Barklow, T. and Cherney, M. and Meyer,
            T. and Rudolph, G. and Venkataramania, H. and Wicklund, E. and Wu,
            Sau Lan and Zobernig, G.},
  urldate = {2025-01-31},
  date = {1983-01-27},
  file = {ScienceDirect
          Snapshot:/home/dene/Zotero/storage/U7GJK8GN/0370269383909176.html:text/html
          },
}

@article{longacre_measurement_1986,
  title = {A measurement of \textit{π}−p→K0sK0sn at 22 {GeV}/\textit{c} and a
           systematic study of the 2++ meson spectrum},
  volume = {177},
  issn = {0370-2693},
  url = {https://www.sciencedirect.com/science/article/pii/0370269386910610},
  doi = {10.1016/0370-2693(86)91061-0},
  abstract = {A coupled channel analysis has been carried out using a new
              amplitude analysis of the K0sK0s system produced in the reaction
              π−p→K0sK0sn at 22 {GeV}/c, which contained about 40 000 new events
              in the low-t region ({\textbar}t−tmin{\textbar}{\textless}0.1 {GeV}
              2). Here only the {IG}=0+, {JPC}=2++ amplitude from this analysis
              is considered, together with available data from other experiments
              in channels with the same quantum numbers in order to determine
              which 2++ isoscalar mesons have significant
              pseudoscalar-pseudoscalar couplings. It is found that four poles,
              f(1270), f'(1525), θ(1690), and fr(1810), are needed, plus a smooth
              background in order to fit these data; the need for the θ(1690)
              depends on the J/ψ radiative decay alone, and the fr(1810) is seen
              only in hadronic production.},
  pages = {223--227},
  number = {2},
  journaltitle = {Physics Letters B},
  shortjournal = {Physics Letters B},
  author = {Longacre, R. S. and Etkin, A. and Foley, K. J. and Love, W. A. and
            Morris, T. W. and Saulys, A. C. and Platner, E. D. and Lindenbaum, S.
            J. and Bensinger, J. R. and Kirsch, L. E. and Piekarz, H. and Poster,
            R. A. and Goo, J. and Kramer, M. A. and Fortney, L. R. and Goshaw, A.
            T. and {McCrory}, E. and Robertson, W. J. and Bishop, J. M. and
            Biswas, N. N. and Cason, N. M. and Kenney, V. P. and Piekarz, J. and
            Rath, M. G. and Ruchti, R. C. and Shephard, W. D.},
  urldate = {2025-01-31},
  date = {1986-09-11},
  file = {ScienceDirect
          Snapshot:/home/dene/Zotero/storage/FMN9T9EQ/0370269386910610.html:text/html
          },
}

@article{berger_tensor_1988-1,
  title = {Tensor meson excitation in the reaction γγ→{KS}0KS0},
  volume = {37},
  issn = {1431-5858},
  url = {https://doi.org/10.1007/BF01578125},
  doi = {10.1007/BF01578125},
  abstract = {In the analysis of the reactione+e−→e+e−{KS}0Ks0clear evidence for
              exclusive γγ→f2′resonance production is observed. The {productΓγγ}
              ·B(f2′→K\$\${\textbackslash}bar K\$\$) is measured to be
              0.10−0.03−0.02+0.04+0.03keV independent of ana priori assumption on
              the helicity structure. Our data are consistent with a pure
              helicity 2 contribution and we derive an upper limit for the {
              ratioΓγγ}(0)/Γγγ. The absence of events in the mass region around
              1.3 {GeV} clearly proves destructivef2−a2 interference and allows
              to measure the relative phases betweenf2,a2 andf2′. Upper limits on
              the production of the glueball candidate statesf2(1720) {andX}
              (2230) as well as {theKS}0KS0-continuum are given.},
  pages = {329--335},
  number = {3},
  journaltitle = {Zeitschrift für Physik C Particles and Fields},
  shortjournal = {Z. Phys. C - Particles and Fields},
  author = {Berger, Ch. and Genzel, H. and Lackas, W. and Pielorz, J. and
            Raupach, F. and Wagner, W. and Klovning, A. and Lillestöl, E. and
            Bürger, J. and Criegee, L. and Deuter, A. and Ferrarotto, F. and
            Franke, G. and Gaspero, M. and Gerke, Ch. and Knies, G. and Lewendel,
            B. and Michelsen, U. and Pape, K. H. and Stella, B. and Timm, U. and
            Winter, G. G. and Zachara, M. and Zimmermann, W. and Bussey, P. J.
            and Cartwright, S. L. and Dainton, J. B. and Hendry, D. and King, B.
            T. and Raine, C. and Scarr, J. M. and Skillicorn, I. O. and Smith, K.
            M. and Thomson, J. C. and Achterberg, O. and Blobel, V. and Burkart,
            D. and Diehlmann, K. and Feindt, M. and Kapitza, H. and Koppitz, B.
            and Krüger, M. and Poppe, M. and Spitzer, H. and van Staa, R. and
            Chang, C. Y. and Glasser, R. G. and Kellogg, R. G. and Maxfield, S.
            J. and Polvado, R. O. and Sechi-Zorn, B. and Skard, J. A. and Skuja,
            A. and Tylka, A. J. and Welch, G. E. and Zorn, G. T. and Almeida, F.
            and Bäcker, A. and Barreiro, F. and Brandt, S. and Derikum, K. and
            Grupen, C. and Meyer, H. J. and Müller, H. and Neumann, B. and Rosi,
            M. and Stupperich, K. and Zech, G. and Alexander, G. and Bella, G.
            and Gnat, Y. and Grunhaus, J. and Junge, H. and Kraski, K. and
            Maxeiner, C. and Maxeiner, H. and Schmidt, D. and {PLUTO
            Collaboration}},
  urldate = {2025-01-31},
  date = {1988-09-01},
  langid = {english},
  keywords = {Elementary Particle, Field Theory, Particle Acceleration, Quantum
              Field Theory, Relative Phase},
}

@article{aston_study_1988,
  title = {A study of the Ks0Ks0 system in the reaction K−p→Ks0Ks0\textit{Λ} at
           11 {GeV}/\textit{c}},
  volume = {301},
  issn = {0550-3213},
  url = {https://www.sciencedirect.com/science/article/pii/0550321388902763},
  doi = {10.1016/0550-3213(88)90276-3},
  abstract = {A 4.1 event/nb sample of 11 {GeV}/c K−p interactions in the {LASS}
              spectrometer at {SLAC} has been used in an analysis of the
              exclusive Ks0Ks0Λ final state. The Ks0Ks0 mass distribution
              exhibits a small cluster of events near threshold, but the mass
              spectrum is dominated by the f2′(1525), which an amplitude analysis
              shows to be produced by both natural and unnatural parity exchange.
              This analysis also provides evidence for an S-wave state in the
              f2′(1525) region, while production of the f2(1720) is not observed.
              However, there is structure at ∼ 2.2 {GeV}/c2 which is similar in
              shape to that observed in the region of the X(2220) in radiative
              J/ψ decay; an analysis of the angular distribution indicates a spin
              of at least 2 in this region. This, together with results from
              other analyses, indicates that the X(2220) may be the 2++ or 4++,
              mainly ss, state expected near this mass in the conventional quark
              model.},
  pages = {525--553},
  number = {4},
  journaltitle = {Nuclear Physics B},
  shortjournal = {Nuclear Physics B},
  author = {Aston, D. and Awaji, N. and Bienz, T. and Bird, F. and D'Amore, J.
            and Dunwoodie, W. and Endorf, R. and Fujii, K. and Hayashii, H. and
            Iwata, S. and Johnson, W. B. and Kajikawa, R. and Kunz, P. and Leith,
            D. W. G. S. and Levinson, L. and Matsui, T. and Meadows, B. T. and
            Miyamoto, A. and Nussbaum, M. and Ozaki, H. and Pak, C. O. and
            Ratcliff, B. N. and Schultz, D. and Shapiro, S. and Shimomura, T. and
            Sinervo, P. K. and Sugiyama, A. and Suzuki, S. and Tarnopolsky, G.
            and Tauchi, T. and Toge, N. and Ukai, K. and Waite, A. and Williams,
            S.},
  urldate = {2025-01-31},
  date = {1988-05-16},
  file = {ScienceDirect
          Snapshot:/home/dene/Zotero/storage/A7AYQ4NK/0550321388902763.html:text/html
          },
}

@article{behrend_theks0ks0final_1989,
  title = {{TheKS}0KS0final state in γγ interactions},
  volume = {43},
  issn = {1431-5858},
  url = {https://doi.org/10.1007/BF02430613},
  doi = {10.1007/BF02430613},
  abstract = {In the reaction γγ→{KS}0KS0resonance production of thef2−is
              observed. For the radiative with\% {MathType}!{MTEF}!2!1!+-\%
              feaafiart1ev1aaatCvAUfeBSjuyZL2yd9gzLbvyNv2CaerbuLwBLn\%
              hiov2DGi1BTfMBaeXatLxBI9gBaerbd9wDYLwzYbItLDharqqtubsr\%
              4rNCHbGeaGqiVu0Je9sqqrpepC0xbbL8F4rqqrFfpeea0xe9Lq-Jc9\%
              vqaqpepm0xbba9pwe9Q8fs0-yqaqpepae9pg0FirpepeKkFr0xfr-x\%
              fr-xb9adbaqaaeGaciGaaiaabeqaamaabaabaaGcbaacciGae83KdC\%
              0aaSbaaSqaaerbqfgBHrxAU9gimLMBVrxEWvgaiuGacaGFZoGaa43S\% {
              daqabaGccGaGKkOlaiaadkeacaGGOaGaamOzaiaacEcadGaiaUbaaS}\% {
              qaiacGcGafaIOmaaqajacGaOGaeyOKH}4Qaam4saiqadUeagaqeaiaa\% {cMcacqGH
              }9aqpcaaIWaGaaiOlaiaaigdacaaIXaWaa0baaSqaaiabgk\% {
              HiTiaaicdacaGGUaGaaGimaiaaikdaaeaacqGHRaWkcaaIWaGaaiOl}\% {
              aiaaicdacaaIZaaaamXvP}5wqonvsaeHbdvMB0vNC5bYrVrhAPngaiy\%
              aakiab9flaXkaaicdacaGGUaGaaGimaiaaikdaieaacaaFRbGaaWxz\%
              aiaa8zfaaaa!68A9!\$\${\textbackslash}Gamma \_\{{\textbackslash}
              gamma {\textbackslash}gamma \} .B(f'\_2 {\textbackslash}to K{
              \textbackslash}bar K) = 0.11\_\{ - 0.02\}{\textasciicircum}\{ +
              0.03\} {\textbackslash}pm 0.02keV\$\$is found. The small number of
              events in thef2,a2 mass region is consistent with the assumption of
              destructivef2−a2 interference. From the mass distribution we
              determine the relative phases between the tensor mesons. Upper
              limits on the radiative widths of the glueball candidatesf2(1720) {
              andX} (2220) are derived.},
  pages = {91--96},
  number = {1},
  journaltitle = {Zeitschrift für Physik C Particles and Fields},
  shortjournal = {Z. Phys. C - Particles and Fields},
  author = {Behrend, H. -J. and Criegee, L. and Dainton, J. B. and Field, J. H.
            and Franke, G. and Jung, H. and Meyer, J. and Schröder, V. and Winter
            , G. G. and Bussey, P. J. and Buttar, C. and Campbell, A. J. and
            Hendry, D. and McCurrach, G. and Scarr, J. M. and Skillicorn, I. O.
            and Smith, K. M. and Ahme, J. and Blobel, V. and Brehm, W. and Feindt
            , M. and Fenner, H. and Harjes, J. and Peters, J. H. and Podobrin, O.
            and Spitzer, H. and Apel, W. -D. and Engler, J. and Flügge, G. and
            Fries, D. C. and Fuster, J. and Gabriel, P. and Gamerdinger, K. and
            Hansmeyer, J. and Küster, H. and Müller, H. and Ranitzsch, K. H. and
            Schneider, H. and Seufert, R. and de Boer, W. and Buschhorn, G. and
            Grindhammer, G. and Gunderson, B. and Kiesling, Ch. and Kotthaus, R.
            and Kroha, H. and Lüers, D. and Oberlack, H. and Schacht, P. and
            Scholz, S. and Shooshtari, G. and Wiedenmann, W. and Davier, M. and
            Grivaz, J. F. and Haissinski, J. and Janot, P. and Journé, V. and Kim
            , D. W. and Le Diberder, F. and Veillet, J. -J. and Blohm, K. and
            George, R. and Goldberg, M. and Hamon, O. and Kapusta, F. and
            Poggioli, L. and Rivoal, M. and d'Agostini, G. and Ferrarotto, F. and
            Iacovacci, M. and Stella, B. and Cozzika, G. and Ducros, Y. and
            Alexander, G. and Beck, A. and Bella, G. and Grunhaus, J. and
            Klatchko, A. and Levy, A. and Milsténe, C. and {CELLO Collaboration}},
  urldate = {2025-01-31},
  date = {1989-03-01},
  langid = {english},
  keywords = {Decay Mode, Invariant Mass Distribution, Mass Region, Monte Carlo
              Event, Resonance Parameter},
}

@article{acciarri_study_1995,
  title = {Study of the {KS}0KS0 final state in two-photon collisions},
  volume = {363},
  issn = {0370-2693},
  url = {https://www.sciencedirect.com/science/article/pii/037026939501041N},
  doi = {10.1016/0370-2693(95)01041-N},
  abstract = {The reaction e+e− → e+e−γ∗γ∗ → e+e−{KS}0KS0 is studied with the L3
              detector at {LEP} and the formation of the f2′(1525) resonance is
              observed. For an integrated luminosity of 114 pb−1, 31±6 f2′ events
              are found. Their angular distribution is consistent with a pure
              helicity two. The radiative width times the branching ratio is
              measured to be Γγγ(f2′)×Br(f2′ → {KK})=(0.093±0.018±0.022) {keV}.
              Only three events are found in the f2(1270)−a2(1320) mass region,
              consistent with destructive f2−a2 interference in the {KS}0KS0
              final state. The mixing angle of the tensor meson nonet is
              determined to the θ = (29.4−1.6+1.4)°.},
  pages = {118--126},
  number = {1},
  journaltitle = {Physics Letters B},
  shortjournal = {Physics Letters B},
  author = {Acciarri, M. and Adam, A. and Adriani, O. and Aguilar-Benitez, M.
            and Ahlen, S. and Alpat, B. and Alcaraz, J. and Allaby, J. and
            Aloisio, A. and Alverson, G. and Alviggi, M. G. and Ambrosi, G. and
            An, Q. and Anderhub, H. and Andreev, V. P. and Angelescu, T. and
            Antreasyan, D. and Arefiev, A. and Azemoon, T. and Aziz, T. and Baba,
            P. V. K. S. and Bagnaia, P. and Baksay, L. and Ball, R. C. and
            Banerjee, S. and Banicz, K. and Barillère, R. and Barone, L. and
            Bartalini, P. and Baschirotto, A. and Basile, M. and Battiston, R.
            and Bay, A. and Becattini, F. and Becker, U. and Behner, F. and
            Bencze, Gy. L. and Berdugo, J. and Berges, P. and Bertucci, B. and
            Betev, B. L. and Biasini, M. and Biland, A. and Bilei, G. M. and
            Bizzarri, R. and Blaising, J. J. and Bobbink, G. J. and Bock, R. and
            Böhm, A. and Borgia, B. and Boucham, A. and Bourilkov, D. and
            Bourquin, M. and Boutigny, D. and Braccini, S. and Brambilla, E. and
            Branson, J. G. and Brigljevic, V. and Brock, I. C. and Buijs, A. and
            Bujak, A. and Burger, J. D. and Burger, W. J. and Burgos, C. and
            Busenitz, J. and Buytenhuijs, A. and Cai, X. D. and Capell, M. and
            Cara Romeo, G. and Caria, M. and Carlino, G. and Cartacci, A. M. and
            Casaus, J. and Castellini, G. and Castello, R. and Cavallari, F. and
            Cavallo, N. and Cecchi, C. and Cerrada, M. and Cesaroni, F. and
            Chamizo, M. and Chan, A. and Chang, Y. H. and Chaturvedi, U. K. and
            Chemarin, M. and Chen, A. and Chen, C. and Chen, G. and Chen, G. M.
            and Chen, H. F. and Chen, H. S. and Chen, M. and Chiefari, G. and
            Chien, C. Y. and Choi, M. T. and Cifarelli, L. and Cindolo, F. and
            Civinini, C. and Clare, I. and Clare, R. and Coan, T. E. and Cohn, H.
            O. and Coignet, G. and Colijn, A. P. and Colino, N. and Commichau, V.
            and Costantini, S. and Cotorobai, F. and de la Cruz, B. and Cui, X.
            T. and Cui, X. Y. and Dai, T. S. and D'Alessandro, R. and de Asmundis
            , R. and De Boeck, H. and Degré, A. and Deiters, K. and Dénes, E. and
            Denes, P. and {DeNotaristefani}, F. and {DiBitonto}, D. and Diemoz,
            M. and van Dierendonck, D. and Di Lodovico, F. and Dionisi, C. and
            Dittmar, M. and Dominguez, A. and Doria, A. and Dorne, I. and Dova,
            M. T. and Drago, E. and Duchesneau, D. and Duinker, P. and Duran, I.
            and Dutta, S. and Easo, S. and Efremenko, Yu. and El Mamouni, H. and
            Engler, A. and Eppling, F. J. and Erné, F. C. and Ernenwein, J. P.
            and Extermann, P. and Fabbretti, R. and Fabre, M. and Faccini, R. and
            Falciano, S. and Favara, A. and Fay, J. and Felcini, M. and Ferguson,
            T. and Fernandez, D. and Fernandez, G. and Ferroni, F. and Fesefeldt,
            H. and Fiandrini, E. and Field, J. H. and Filthaut, F. and Fisher, P.
            H. and Forconi, G. and Fredj, L. and Freudenreich, K. and Gailloud,
            M. and Galaktionov, Yu. and Ganguli, S. N. and Garcia-Abia, P. and
            Gau, S. S. and Gentile, S. and Gerald, J. and Gheordanescu, N. and
            Giagu, S. and Goldfarb, S. and Goldstein, J. and Gong, Z. F. and
            Gonzalez, E. and Gougas, A. and Goujon, D. and Gratta, G. and
            Gruenewald, M. W. and Gu, C. and Guanziroli, M. and Gupta, V. K. and
            Gurtu, A. and Gustafson, H. R. and Gutay, L. J. and Hartmann, B. and
            Hasan, A. and He, J. T. and Hebbeker, T. and Hervé, A. and Hilgers,
            K. and van Hoek, W. C. and Hofer, H. and Hoorani, H. and Hou, S. R.
            and Hu, G. and Ilyas, M. M. and Innocente, V. and Janssen, H. and Jin
            , B. N. and Jones, L. W. and de Jong, P. and Josa-Mutuberria, I. and
            Kasser, A. and Khan, R. A. and Kamyshkov, Yu. and Kapinos, P. and
            Kapustinsky, J. S. and Karyotakis, Y. and Kaur, M. and Khokhar, S.
            and Kienzle-Focacci, M. N. and Kim, D. and Kim, J. K. and Kim, S. C.
            and Kim, Y. G. and Kinnison, W. W. and Kirkby, A. and Kirkby, D. and
            Kirkby, J. and Kittel, W. and Klimentov, A. and König, A. C. and
            Koffeman, E. and Kornadt, O. and Koutsenko, V. and Koulbardis, A. and
            Kraemer, R. W. and Kramer, T. and Krenz, W. and Kuijten, H. and Kunin
            , A. and Ladron de Guevara, P. and Landi, G. and Lapoint, C. and
            Lassila-Perini, K. and Laurikainen, P. and Lebeau, M. and Lebedev, A.
            and Lebrun, P. and Lecomte, P. and Lecoq, P. and Le Coultre, P. and
            Lee, J. S. and Lee, K. Y. and Leggett, C. and Le Goff, J. M. and
            Leiste, R. and Lenti, M. and Leonardi, E. and Levtchenko, P. and Li,
            C. and Lieb, E. and Lin, W. T. and Linde, F. L. and Lindemann, B. and
            Lista, L. and Liu, Y. and Liu, Z. A. and Lohmann, W. and Longo, E.
            and Lu, W. and Lu, Y. S. and Lübelsmeyer, K. and Luci, C. and Luckey,
            D. and Ludovici, L. and Luminari, L. and Lustermann, W. and Ma, W. G.
            and Macchiolo, A. and Maity, M. and Malgeri, L. and Malik, R. and
            Malinin, A. and Maña, C. and Mangla, S. and Maolinbay, M. and
            Marchesini, P. and Marin, A. and Martin, J. P. and Marzano, F. and
            Massaro, G. G. G. and Mazumdar, K. and {McNally}, D. and Mele, S. and
            Merola, L. and Meschini, M. and Metzger, W. J. and Mi, Y. and Mihul,
            A. and van Mil, A. J. W. and Mir, Y. and Mirabelli, G. and Mnich, J.
            and Möller, M. and Monteleoni, B. and Moore, R. and Morand, R. and
            Morganti, S. and Moulai, N. E. and Mount, R. and Müller, S. and
            Muheim, F. and Nagy, E. and Nahn, S. and Napolitano, M. and
            Nessi-Tedaldi, F. and Newman, H. and Niaz, M. A. and Nippe, A. and
            Nowak, H. and Organtini, G. and Ostonen, R. and Pandoulas, D. and
            Paoletti, S. and Paolucci, P. and Pascale, G. and Passaleva, G. and
            Patricelli, S. and Paul, T. and Pauluzzi, M. and Paus, C. and Pauss,
            F. and Pei, Y. J. and Pensotti, S. and Perret-Gallix, D. and Petrak,
            S. and Pevsner, A. and Piccolo, D. and Pieri, M. and Pinto, J. C. and
            Piroué, P. A. and Pistolesi, E. and Plyaskin, V. and Pohl, M. and
            Pojidaev, V. and Postema, H. and Produit, N. and Qureshi, K. N. and
            Raghavan, R. and Rahal-Callot, G. and Rancoita, P. G. and Rattaggi,
            M. and Raven, G. and Razis, P. and Read, K. and Redaelli, M. and Ren,
            D. and Ren, Z. and Rescigno, M. and Reucroft, S. and Ricker, A. and
            Riemann, S. and Riemers, B. C. and Riles, K. and Rind, O. and Rizvi,
            H. A. and Ro, S. and Robohm, A. and Rodin, J. and Rodriguez, F. J.
            and Roe, B. P. and Röhner, M. and Röhner, S. and Romero, L. and
            Rosier-Lees, S. and Rosselet, Ph. and van Rossum, W. and Roth, S. and
            Rubio, J. A. and Rykaczewski, H. and Salicio, J. and Salicio, J. M.
            and Sanchez, E. and Santocchia, A. and Sarakinos, M. E. and Sarkar,
            S. and Sartorelli, G. and Sassowsky, M. and Sauvage, G. and Schäfer,
            C. and Schegelsky, V. and Schmitz, D. and Schmitz, P. and Schneegans,
            M. and Schoeneich, B. and Scholz, N. and Schopper, H. and Schotanus,
            D. J. and Schulte, R. and Schultze, K. and Schwenke, J. and Schwering
            , G. and Sciacca, C. and Sehgal, R. and Seiler, P. G. and Sens, J. C.
            and Servoli, L. and Shevchenko, S. and Shivarov, N. and Shoutko, V.
            and Shukla, J. and Shumilov, E. and Son, D. and Sopczak, A. and
            Soulimov, V. and Smith, B. and Spickermann, T. and Spillantini, P.
            and Steuer, M. and Stickland, D. P. and Sticozzi, F. and Stone, H.
            and Stoyanov, B. and Strauch, K. and Sudhakar, K. and Sultanov, G.
            and Sun, L. Z. and Susinno, G. F. and Suter, H. and Swain, J. D. and
            Tang, X. W. and Tauscher, L. and Taylor, L. and Timellini, R. and
            Ting, Samuel C. C. and Ting, S. M. and Toker, O. and Tonisch, F. and
            Tonutti, M. and Tonwar, S. C. and Tóth, J. and Tsaregorodtsey, A. and
            Tsipolitis, G. and Tully, C. and Tuchscherer, H. and Ulbricht, J. and
            Urbán, L. and Uwer, U. and Valente, E. and Van de Walle, R. T. and
            Vetlitsky, I. and Viertel, G. and Vikas, P. and Vikas, U. and
            Vivargent, M. and Völkert, R. and Vogel, H. and Vogt, H. and Vorobiev
            , I. and Vorobyov, A. A. and Vorobyov, An. A. and Vuilleumier, L. and
            Wadhwa, M. and Wallraff, W. and Wang, J. C. and Wang, X. L. and Wang,
            Y. F. and Wang, Z. M. and Weber, A. and Weill, R. and Willmott, C.
            and Wittgenstein, F. and Wu, S. X. and Wynhoff, S. and Xu, J. and Xu,
            Z. Z. and Yang, B. Z. and Yang, C. G. and Yang, G. and Yao, X. Y. and
            Ye, C. H. and Ye, J. B. and Ye, Q. and Yeh, S. C. and You, J. M. and
            Yunus, N. and Zaccardelli, C. and Zalite, An. and Zemp, P. and Zeng,
            J. Y. and Zeng, M. and Zeng, Y. and Zhang, Z. and Zhang, Z. P. and
            Zhou, B. and Zhou, G. J. and Zhou, J. F. and Zhou, Y. and Zhu, G. Y.
            and Zhu, R. Y. and Zichichi, A. and van der Zwaan, B. C. C.},
  urldate = {2025-01-31},
  date = {1995-11-16},
  file = {Full Text:/home/dene/Zotero/storage/GE6ZGTAB/Acciarri et al. - 1995 -
          Study of the KS0KS0 final state in two-photon
          collisions.pdf:application/pdf;ScienceDirect
          Snapshot:/home/dene/Zotero/storage/JKNRY5UA/037026939501041N.html:text/html
          },
}

@article{reyes_partial_1998,
  title = {Partial Wave Analysis of the Centrally Produced \$\{K\}\_\{S\}\{K\}\_
           \{S\}\$ System at \$800{\textbackslash}phantom\{{\textbackslash}rule\{
           0ex\}\{0ex\}\}{GeV}/{\textbackslash}mathit\{c\}\$},
  volume = {81},
  url = {https://link.aps.org/doi/10.1103/PhysRevLett.81.4079},
  doi = {10.1103/PhysRevLett.81.4079},
  abstract = {Results are presented from a partial wave analysis of a sample of
              centrally produced mesons in the reaction pp →𝑝slow⁡(𝐾𝑆⁢𝐾𝑆)⁢𝑝fast,
              with 800 {GeV}/c protons incident on a liquid hydrogen target. The
              meson system is found to be predominantly 𝑆 wave in the mass range
              between 𝐾𝑆⁢𝐾𝑆 threshold and 1.55⁢{GeV}⁢/𝑐2. The 𝑓0⁡(1500) is
              observed in this region. Above 1.55⁢{GeV}⁢/𝑐2 two solutions are
              possible, one with mainly 𝑆 wave and another with mainly 𝐷 wave.
              This ambiguity prevents a unique determination of the spin of the
              𝑓𝐽⁡(1710) meson.},
  pages = {4079--4082},
  number = {19},
  journaltitle = {Physical Review Letters},
  shortjournal = {Phys. Rev. Lett.},
  author = {Reyes, M. A. and Berisso, M. C. and Christian, D. C. and Felix, J.
            and Gara, A. and Gottschalk, E. and Gutierrez, G. and Hartouni, E. P.
            and Knapp, B. C. and Kreisler, M. N. and Lee, S. and Markianos, K.
            and Moreno, G. and Sosa, M. and Wang, M. H. L. S. and Wehmann, A. and
            Wesson, D.},
  urldate = {2025-01-31},
  date = {1998-11-09},
  note = {Publisher: American Physical Society},
  file = {APS
          Snapshot:/home/dene/Zotero/storage/YVH2IIQQ/PhysRevLett.81.html:text/html
          },
}

@article{barkov_discovery_1999,
  title = {Discovery of a narrow resonance state of the system {KSKSat} mass
           1520 {MeV}},
  volume = {70},
  issn = {1090-6487},
  url = {https://doi.org/10.1134/1.568160},
  doi = {10.1134/1.568160},
  abstract = {Data are presented which indicate the existence of a previously
              unknown narrow resonance near mass 1520 {MeV}, discovered while
              analyzing the system {KSKS}. The data were obtained at {ITEP} using
              the 6-m magnetic spectrometer in a beam of 40-{GeV} negative
              particles. The resonance is observed in π−p and K−p interactions
              with a total statistical confidence of not less than 5 standard
              deviations. The width of this state is comparable to the mass
              resolution of the spectrometer (∼5 {MeV}). The mass is 1521.5±2.5 {
              MeV}. Estimates of the product σ·{BR} ({KSKS}) give ∼5.0 nb in π−p
              interactions and ∼250 nb in K−p interactions. From the fact that
              the production cross section of this resonance in the K− beam is
              approximately 50 times greater than the production cross section in
              the π− beam, it can be concluded that this new state belongs to a
              system of mesons with hidden strangeness.},
  pages = {248--253},
  number = {4},
  journaltitle = {Journal of Experimental and Theoretical Physics Letters},
  shortjournal = {Jetp Lett.},
  author = {Barkov, B. P. and Vladimirskii, V. V. and Grigor’ev, V. K. and
            Erofeeva, O. N. and Katinov, Yu. V. and Korol’kov, I. Ya. and Lisin,
            V. I. and Luzin, V. N. and Nozdrachev, V. N. and Sokolovskii, V. V.
            and Tikhomirov, G. D. and Uzunyan, S. A. and Shkurenko, Yu. P. and
            Gridnev, I. A.},
  urldate = {2025-01-31},
  date = {1999-08-01},
  langid = {english},
  keywords = {13.85.Hd, 13.85.Ni, 14.40.Aq},
}

@article{acciarri_k0sk0s_2001,
  title = {K0SK0S final state in two-photon collisions and implications for
           glueballs},
  volume = {501},
  issn = {0370-2693},
  url = {https://www.sciencedirect.com/science/article/pii/S0370269301001162},
  doi = {10.1016/S0370-2693(01)00116-2},
  abstract = {The K0SK0S final state in two-photon collisions is studied with
              the L3 detector at {LEP}. The mass spectrum is dominated by the
              formation of the f′2(1525) tensor meson in the helicity-two state
              with a two-photon width times the branching ratio into {KK}̄ of
              76±6±11 {eV}. A clear signal for the formation of the {fJ}(1710) is
              observed and it is found to be dominated by the spin-two
              helicity-two state. No resonance is observed in the mass region
              around 2.2 {GeV} and an upper limit of 1.4 {eV} at 95\% C.L. is
              derived for the two-photon width times the branching ratio into
              K0SK0S for the glueball candidate ξ(2230).},
  pages = {173--182},
  number = {3},
  journaltitle = {Physics Letters B},
  shortjournal = {Physics Letters B},
  author = {Acciarri, M. and Achard, P. and Adriani, O. and Aguilar-Benitez, M.
            and Alcaraz, J. and Alemanni, G. and Allaby, J. and Aloisio, A. and
            Alviggi, M. G. and Ambrosi, G. and Anderhub, H. and Andreev, V. P.
            and Angelescu, T. and Anselmo, F. and Arefiev, A. and Azemoon, T. and
            Aziz, T. and Bagnaia, P. and Bajo, A. and Baksay, L. and Balandras,
            A. and Baldew, S. V. and Banerjee, S. and Banerjee, Sw. and Barczyk,
            A. and Barillère, R. and Bartalini, P. and Basile, M. and Batalova,
            N. and Battiston, R. and Bay, A. and Becattini, F. and Becker, U. and
            Behner, F. and Bellucci, L. and Berbeco, R. and Berdugo, J. and
            Berges, P. and Bertucci, B. and Betev, B. L. and Bhattacharya, S. and
            Biasini, M. and Biland, A. and Blaising, J. J. and Blyth, S. C. and
            Bobbink, G. J. and Böhm, A. and Boldizsar, L. and Borgia, B. and
            Bourilkov, D. and Bourquin, M. and Braccini, S. and Branson, J. G.
            and Brochu, F. and Buffini, A. and Buijs, A. and Burger, J. D. and
            Burger, W. J. and Cai, X. D. and Capell, M. and Cara Romeo, G. and
            Carlino, G. and Cartacci, A. M. and Casaus, J. and Castellini, G. and
            Cavallari, F. and Cavallo, N. and Cecchi, C. and Cerrada, M. and
            Cesaroni, F. and Chamizo, M. and Chang, Y. H. and Chaturvedi, U. K.
            and Chemarin, M. and Chen, A. and Chen, G. and Chen, G. M. and Chen,
            H. F. and Chen, H. S. and Chiefari, G. and Cifarelli, L. and Cindolo,
            F. and Civinini, C. and Clare, I. and Clare, R. and Coignet, G. and
            Colino, N. and Costantini, S. and Cotorobai, F. and de la Cruz, B.
            and Csilling, A. and Cucciarelli, S. and Dai, T. S. and van Dalen, J.
            A. and D'Alessandro, R. and de Asmundis, R. and Déglon, P. and Degré,
            A. and Deiters, K. and della Volpe, D. and Delmeire, E. and Denes, P.
            and {DeNotaristefani}, F. and De Salvo, A. and Diemoz, M. and
            Dierckxsens, M. and van Dierendonck, D. and Dionisi, C. and Dittmar,
            M. and Dominguez, A. and Doria, A. and Dova, M. T. and Duchesneau, D.
            and Dufournaud, D. and Duinker, P. and Duran, I. and El Mamouni, H.
            and Engler, A. and Eppling, F. J. and Erné, F. C. and Extermann, P.
            and Fabre, M. and Falagan, M. A. and Falciano, S. and Favara, A. and
            Fay, J. and Fedin, O. and Felcini, M. and Ferguson, T. and Fesefeldt,
            H. and Fiandrini, E. and Field, J. H. and Filthaut, F. and Fisher, P.
            H. and Fisk, I. and Forconi, G. and Freudenreich, K. and Furetta, C.
            and Galaktionov, Yu. and Ganguli, S. N. and Garcia-Abia, P. and
            Gataullin, M. and Gau, S. S. and Gentile, S. and Gheordanescu, N. and
            Giagu, S. and Gong, Z. F. and Grenier, G. and Grimm, O. and
            Gruenewald, M. W. and Guida, M. and van Gulik, R. and Gupta, V. K.
            and Gurtu, A. and Gutay, L. J. and Haas, D. and Hasan, A. and
            Hatzifotiadou, D. and Hebbeker, T. and Hervé, A. and Hidas, P. and
            Hirschfelder, J. and Hofer, H. and Holzner, G. and Hoorani, H. and
            Hou, S. R. and Hu, Y. and Iashvili, I. and Jin, B. N. and Jones, L.
            W. and de Jong, P. and Josa-Mutuberrı́a, I. and Khan, R. A. and Kaur,
            M. and Kienzle-Focacci, M. N. and Kim, D. and Kim, J. K. and Kirkby,
            J. and Kiss, D. and Kittel, W. and Klimentov, A. and König, A. C. and
            Kopal, M. and Kopp, A. and Koutsenko, V. and Kräber, M. and Kraemer,
            R. W. and Krenz, W. and Krüger, A. and Kunin, A. and Ladron de
            Guevara, P. and Laktineh, I. and Landi, G. and Lebeau, M. and Lebedev
            , A. and Lebrun, P. and Lecomte, P. and Lecoq, P. and Le Coultre, P.
            and Lee, H. J. and Le Goff, J. M. and Leiste, R. and Levtchenko, P.
            and Li, C. and Likhoded, S. and Lin, C. H. and Lin, W. T. and Linde,
            F. L. and Lista, L. and Liu, Z. A. and Lohmann, W. and Longo, E. and
            Lu, Y. S. and Lübelsmeyer, K. and Luci, C. and Luckey, D. and Lugnier
            , L. and Luminari, L. and Lustermann, W. and Ma, W. G. and Maity, M.
            and Malgeri, L. and Malinin, A. and Maña, C. and Mangeol, D. and Mans
            , J. and Marian, G. and Martin, J. P. and Marzano, F. and Mazumdar,
            K. and {McNeil}, R. R. and Mele, S. and Merola, L. and Meschini, M.
            and Metzger, W. J. and von der Mey, M. and Mihul, A. and Milcent, H.
            and Mirabelli, G. and Mnich, J. and Mohanty, G. B. and Moulik, T. and
            Muanza, G. S. and Muijs, A. J. M. and Musicar, B. and Musy, M. and
            Napolitano, M. and Nessi-Tedaldi, F. and Newman, H. and Niessen, T.
            and Nisati, A. and Nowak, H. and Ofierzynski, R. and Organtini, G.
            and Oulianov, A. and Palomares, C. and Pandoulas, D. and Paoletti, S.
            and Paolucci, P. and Paramatti, R. and Park, H. K. and Park, I. H.
            and Passaleva, G. and Patricelli, S. and Paul, T. and Pauluzzi, M.
            and Paus, C. and Pauss, F. and Pedace, M. and Pensotti, S. and
            Perret-Gallix, D. and Petersen, B. and Piccolo, D. and Pierella, F.
            and Pieri, M. and Piroué, P. A. and Pistolesi, E. and Plyaskin, V.
            and Pohl, M. and Pojidaev, V. and Postema, H. and Pothier, J. and
            Prokofiev, D. O. and Prokofiev, D. and Quartieri, J. and Rahal-Callot
            , G. and Rahaman, M. A. and Raics, P. and Raja, N. and Ramelli, R.
            and Rancoita, P. G. and Ranieri, R. and Raspereza, A. and Raven, G.
            and Razis, P. and Ren, D. and Rescigno, M. and Reucroft, S. and
            Riemann, S. and Riles, K. and Rodin, J. and Roe, B. P. and Romero, L.
            and Rosca, A. and Rosier-Lees, S. and Rubio, J. A. and Ruggiero, G.
            and Rykaczewski, H. and Saremi, S. and Sarkar, S. and Salicio, J. and
            Sanchez, E. and Sanders, M. P. and Schäfer, C. and Schegelsky, V. and
            Schmidt-Kaerst, S. and Schmitz, D. and Schopper, H. and Schotanus, D.
            J. and Schwering, G. and Sciacca, C. and Seganti, A. and Servoli, L.
            and Shevchenko, S. and Shivarov, N. and Shoutko, V. and Shumilov, E.
            and Shvorob, A. and Siedenburg, T. and Son, D. and Smith, B. and
            Spillantini, P. and Steuer, M. and Stickland, D. P. and Stone, A. and
            Stoyanov, B. and Straessner, A. and Sudhakar, K. and Sultanov, G. and
            Sun, L. Z. and Sushkov, S. and Suter, H. and Swain, J. D. and
            Szillasi, Z. and Sztaricskai, T. and Tang, X. W. and Tauscher, L. and
            Taylor, L. and Tellili, B. and Timmermans, C. and Ting, S. C. C. and
            Ting, S. M. and Tonwar, S. C. and Tóth, J. and Tully, C. and Tung, K.
            L. and Uchida, Y. and Ulbricht, J. and Valente, E. and Vesztergombi,
            G. and Vetlitsky, I. and Vicinanza, D. and Viertel, G. and Villa, S.
            and Vivargent, M. and Vlachos, S. and Vodopianov, I. and Vogel, H.
            and Vogt, H. and Vorobiev, I. and Vorobyov, A. A. and Vorvolakos, A.
            and Wadhwa, M. and Wallraff, W. and Wang, M. and Wang, X. L. and Wang
            , Z. M. and Weber, A. and Weber, M. and Wienemann, P. and Wilkens, H.
            and Wu, S. X. and Wynhoff, S. and Xia, L. and Xu, Z. Z. and Yamamoto,
            J. and Yang, B. Z. and Yang, C. G. and Yang, H. J. and Yang, M. and
            Ye, J. B. and Yeh, S. C. and Zalite, An. and Zalite, Yu. and Zhang,
            Z. P. and Zhu, G. Y. and Zhu, R. Y. and Zichichi, A. and Zilizi, G.
            and Zimmermann, B. and Zöller, M.},
  urldate = {2025-01-31},
  date = {2001-03-08},
  file = {Full Text:/home/dene/Zotero/storage/J2C4IS6B/Acciarri et al. - 2001 -
          K0SK0S final state in two-photon collisions and implications for
          glueballs.pdf:application/pdf;ScienceDirect
          Snapshot:/home/dene/Zotero/storage/HNL2U2VR/S0370269301001162.html:text/html
          },
}

@article{tikhomirov_resonances_2003,
  title = {Resonances in the {KSKSKLsystem} produced in collisions of negative
           pions with a carbon target at a momentum of 40 {GeV}},
  volume = {66},
  issn = {1562-692X},
  url = {https://doi.org/10.1134/1.1576456},
  doi = {10.1134/1.1576456},
  abstract = {The experimental spectrum of the {KSKSKLsystem} from the reaction
              π−C → {KSKSKL}+ Y at amomentum of 40 {GeV} was obtained
              experimentally with the aim of studying resonance states featuring
              open strangeness and occurring in the high-mass region. The
              experiment was performed at the 6-m spectrometer installed at the
              Institute for High Energy Physics ({IHEP}, Protvino). The spectrum
              displays, along with well-known resonances [K1(1640), K2(1770),
              K2(1820), K2(1980)], which fit in the quark-antiquark
              classification, the exotic resonances K2(2280) and K4(2500). The
              K2(2280) resonance exhibits the properties of a hybrid and has an
              exotic decay mode producing a triplet of known resonance states
              related to each other by quark-gluon mixing. The mechanism of the
              formation of the observed hybrid K2(2280) is dominated by the
              exchange of a natural spin-parity in the t channel of the reaction.
              The mode of decay into f0(980){KLand} the mode of decay into
              f2(1270){KLare} observed for the K2(1770) and the K2(1980)
              resonance, respectively.},
  pages = {828--835},
  number = {5},
  journaltitle = {Physics of Atomic Nuclei},
  shortjournal = {Phys. Atom. Nuclei},
  author = {Tikhomirov, G. D. and Erofeev, I. A. and Erofeeva, O. N. and Luzin,
            V. N.},
  urldate = {2025-01-31},
  date = {2003-05-01},
  langid = {english},
  keywords = {Elementary Particle, Decay Mode, Energy Physics, Experimental
              Spectrum, Resonance State},
}

@article{vladimirsky_analysis_2006-1,
  title = {Analysis of the {KSKS} system from the reaction π−p → {KSKSn} at 40 {
           GeV}},
  volume = {69},
  issn = {1562-692X},
  url = {https://doi.org/10.1134/S1063778806030124},
  doi = {10.1134/S1063778806030124},
  abstract = {On the basis of experimental data from the 6-m spectrometer of the
              Institute of Theoretical and Experimental Physics ({ITEP}, Moscow),
              an amplitude analysis of 40 553 events of the reaction π−p → {KSKSn
              } induced by a negatively charged pion of energy 40 {GeV} is
              performed over a broad momentumtransfer range by using a new
              procedure. The results for {\textbar}t{\textbar} {\textgreater} 0.1
              {GeV}2 are obtained for the first time. In particular, resonances
              of mass 1700 and 1900 {MeV} and width 120 {MeV} are discovered in
              the D+ wave (there were no such resonances for {\textbar}t{\textbar
              } {\textless} 0.1 {GeV}2). In the region of low momentum transfers,
              the S wave exhibits a structure that lies in the mass region around
              1370 {MeV} and which requires three resonances for its explanation.
              Two of these (that of mass 1234 ± 6 {MeV} and width 47 ± 33 {MeV}
              and that of mass 1478 ± 6 {MeV} and width 119 ± 10 {MeV}) were
              found in the studies of A. Etkin et al. [Phys. Rev. D 25, 2446
              (1982)] and O.N. Baloshin et al. \{Yad. Fiz. 43, 1487 (1986) [Phys.
              At. Nucl. 43, 959 (1986)]\}. The third has a mass of 1389 ± 9 {MeV}
              and a width of 30 ± 24 {MeV}. At high momentum transfers, the S
              wave is found to feature resonances that have the following
              parameters: M = 1328 ± 8 {MeV} and Γ = 237 ± 20 {MeV}, M = 1440 ± 6
              {MeV} and Γ = 121 ± 15 {MeV}, and M = 1776 ± 15 {MeV} and Γ = 250 ±
              30 {MeV}. For the D0 wave, it is found that, in addition to the
              well-known resonances f2, a2, and f′2, there appear the following
              resonances in this wave: a resonance of mass 2005 ± 12 {MeV} and
              width 209 ± 32 {MeV} and a resonance of mass 2270 ± 12 {MeV} and
              width 90 ± 29 {MeV} at low {\textbar}t{\textbar} and a resonance of
              mass 1659 ± 6 and width 152 ± 18 and a resonance of mass 2200 ± 13
              {MeV} and width 91 ± 62 {MeV} at high {\textbar}t{\textbar}.},
  pages = {493--509},
  number = {3},
  journaltitle = {Physics of Atomic Nuclei},
  shortjournal = {Phys. Atom. Nuclei},
  author = {Vladimirsky, V. V. and Grigor’ev, V. K. and Erofeev, I. A. and
            Erofeeva, O. N. and Katinov, Yu. V. and Lisin, V. I. and Luzin, V. N.
            and Nozdrachev, V. N. and Sokolovsky, V. V. and Tikhomirov, G. D. and
            Shkurenko, Yu. P.},
  urldate = {2025-01-31},
  date = {2006-03-01},
  langid = {english},
  keywords = {11.80.Et, 14.40.Cs},
}

@article{uehara_high-statistics_2013,
  title = {High-statistics study of K0S pair production in two-photon collisions
           },
  volume = {2013},
  issn = {2050-3911},
  url = {https://doi.org/10.1093/ptep/ptt097},
  doi = {10.1093/ptep/ptt097},
  abstract = {We report a high-statistics measurement of the differential cross
              section of the process \${\textbackslash}gamma {\textbackslash}
              gamma {\textbackslash}to K{\textasciicircum}0\_S K{\textasciicircum
              }0\_S\$ in the range \$1.05{\textbackslash},\{{\textbackslash}
              mathrm \{{GeV}\}\} {\textbackslash}leq W {\textbackslash}leq 4.00\$
              {GeV}, where W is the center-of-mass energy of the colliding
              photons, using 972 fb\${\textasciicircum}\{-1\}\$ of data collected
              with the Belle detector at the {KEKB} asymmetric-energy \$e{
              \textasciicircum}+ e{\textasciicircum}-\$ collider operated at and
              near the \${\textbackslash}Upsilon \$-resonance region. The
              differential cross section is fitted by parameterized S-, D\$\_0\$-
              , D\$\_2\$-, G\$\_0\$-, and G\$\_2\$-wave amplitudes. In the D\$\_2
              \$ wave, the \$f\_2(1270)\$, \$a\_2(1320)\$, and \$f\_2'(1525)\$
              are dominant and a resonance, the \$f\_2(2200)\$, is also present.
              The \$f\_0(1710)\$ and possibly the \$f\_0(2500)\$ are seen in the
              S wave. The mass, total width, and product of the two-photon
              partial decay width and decay branching fraction to the \$K {
              \textbackslash}bar \{K\}\$ state \${\textbackslash}Gamma \_\{{
              \textbackslash}gamma {\textbackslash}gamma \}{\textbackslash}
              mathcal \{B\}(K {\textbackslash}bar \{K\})\$ are extracted for the
              \$f\_2'(1525)\$, \$f\_0(1710)\$, \$f\_2(2200)\$, and \$f\_0(2500)\$
              . The destructive interference between the \$f\_2(1270)\$ and \$a\_
              2(1320)\$ is confirmed by measuring their relative phase. The
              parameters of the charmonium states \${\textbackslash}chi \_\{c0\}
              \$ and \${\textbackslash}chi \_\{c2\}\$ are updated. Possible
              contributions from the \${\textbackslash}chi \_\{c0\}(2P)\$ and \${
              \textbackslash}chi \_\{c2\}(2P)\$ states are discussed. A new upper
              limit for the branching fraction of the P- and {CP}-violating decay
              channel \${\textbackslash}eta \_c {\textbackslash}to K{
              \textasciicircum}0\_S K{\textasciicircum}0\_S\$ is reported. The
              detailed behavior of the cross section is updated and compared with
              {QCD}-based calculations.},
  pages = {123C01},
  number = {12},
  journaltitle = {Progress of Theoretical and Experimental Physics},
  shortjournal = {Progress of Theoretical and Experimental Physics},
  author = {Uehara, S. and Watanabe, Y. and Nakazawa, H. and Adachi, I. and
            Aihara, H. and Asner, D. M. and Aulchenko, V. and Aushev, T. and
            Bakich, A. M. and Bala, A. and Bhardwaj, V. and Bhuyan, B. and Bondar
            , A. and Bonvicini, G. and Bozek, A. and Bračko, M. and Chekelian, V.
            and Chen, A. and Chen, P. and Cheon, B. G. and Chilikin, K. and
            Chistov, R. and Cho, K. and Chobanova, V. and Choi, S.-K. and Choi,
            Y. and Cinabro, D. and Dalseno, J. and Dingfelder, J. and Doležal, Z.
            and Dutta, D. and Eidelman, S. and Epifanov, D. and Farhat, H. and
            Fast, J. E. and Feindt, M. and Ferber, T. and Frey, A. and Gaur, V.
            and Gabyshev, N. and Ganguly, S. and Gillard, R. and Giordano, F. and
            Goh, Y. M. and Golob, B. and Haba, J. and Hayasaka, K. and Hayashii,
            H. and Hoshi, Y. and Hou, W.-S. and Hyun, H. J. and Iijima, T. and
            Ishikawa, A. and Itoh, R. and Iwasaki, Y. and Julius, T. and Kah, D.
            H. and Kang, J. H. and Kato, E. and Kawai, H. and Kawasaki, T. and
            Kiesling, C. and Kim, D. Y. and Kim, H. O. and Kim, J. B. and Kim, J.
            H. and Kim, Y. J. and Klucar, J. and Ko, B. R. and Kodyš, P. and
            Korpar, S. and Križan, P. and Krokovny, P. and Kumita, T. and Kuzmin,
            A. and Kwon, Y.-J. and Lee, S.-H. and Li, J. and Li, Y. and Liu, C.
            and Liu, Z. Q. and Liventsev, D. and Lukin, P. and Matvienko, D. and
            Miyabayashi, K. and Miyata, H. and Mizuk, R. and Moll, A. and Mori,
            T. and Muramatsu, N. and Mussa, R. and Nagasaka, Y. and Nakao, M. and
            Ng, C. and Nisar, K. N. and Nishida, S. and Nitoh, O. and Ogawa, S.
            and Okuno, S. and Pakhlova, G. and Park, C. W. and Park, H. and Park,
            H. K. and Pedlar, T. K. and Pestotnik, R. and Petrič, M. and Piilonen
            , L. E. and Ritter, M. and Röhrken, M. and Rostomyan, A. and Sahoo,
            H. and Saito, T. and Sakai, Y. and Sandilya, S. and Santelj, L. and
            Sanuki, T. and Savinov, V. and Schneider, O. and Schnell, G. and
            Schwanda, C. and Seidl, R. and Senyo, K. and Seon, O. and Shapkin, M.
            and Shen, C. P. and Shibata, T.-A. and Shiu, J.-G. and Shwartz, B.
            and Sibidanov, A. and Simon, F. and Sohn, Y.-S. and Sokolov, A. and
            Solovieva, E. and Starič, M. and Steder, M. and Sumihama, M. and
            Sumiyoshi, T. and Tamponi, U. and Tanida, K. and Tatishvili, G. and
            Teramoto, Y. and Uchida, M. and Uglov, T. and Unno, Y. and Uno, S.
            and Urquijo, P. and Vahsen, S. E. and Van Hulse, C. and Varner, G.
            and Wagner, M. N. and Wang, C. H. and Wang, M.-Z. and Wang, P. and
            Wang, X. L. and Williams, K. M. and Won, E. and Yamashita, Y. and
            Yashchenko, S. and Yook, Y. and Yuan, C. Z. and Yusa, Y. and Zhang,
            C. C. and Zhang, Z. P. and Zhilich, V. and Zhulanov, V. and Zupanc,
            A. and {Belle Collaboration}},
  urldate = {2025-01-31},
  date = {2013-12-01},
  file = {Full Text PDF:/home/dene/Zotero/storage/375EA8WP/Uehara et al. - 2013
          - High-statistics study of K0S pair production in two-photon
          collisions.pdf:application/pdf;Snapshot:/home/dene/Zotero/storage/GB3GIFKC/1554656.html:text/html
          },
}

@article{schegelsky_k0_2006,
  title = {The K0 {SK}0 S final state in two-photon collisions and {SU}(3)
           tensor nonets},
  volume = {27},
  issn = {1434-601X},
  url = {https://doi.org/10.1140/epja/i2005-10264-2},
  doi = {10.1140/epja/i2005-10264-2},
  abstract = {The K0 {SK}0 S final state in two-photon collisions is studied
              with the L3 experiment at {LEP}, using orbital angular momentum
              operators. The mass spectrum is dominated by the formation of
              tensor mesons, their two-photon partial width are determined. A
              signal at 1700-1800MeV is found to be a new tensor state f 2(1750)
              with mass M = (1755±10){MeV} and width Γ = (67±12){MeV}. All
              observed tensor resonances obey {SU}(3) relations. The f 2(1750)
              state forms a second tensor nonet together with f 2(1560) and a
              2(1700). The {SU}(3) analysis allows us to determine with good
              accuracy mixing angles between nonstrange and strange components of
              the isoscalar members of tensor nonets.},
  pages = {207--212},
  number = {2},
  journaltitle = {The European Physical Journal A - Hadrons and Nuclei},
  shortjournal = {Eur. Phys. J. A},
  author = {Schegelsky, V. A. and Sarantsev, A. V. and Nikonov, V. A. and
            Anisovich, A. V.},
  urldate = {2025-01-31},
  date = {2006-02-01},
  langid = {english},
  keywords = {11.80.Et Partial-wave analysis, 13.25.-k Hadronic decays of mesons
              , 13.60.Le Meson production, 14.40.-n Mesons},
}

@collection{cremieu-alcan_proceedings_1962,
  location = {Gif-sur-Yvette, France},
  title = {Proceedings, Conférence Internationale d'Aix-en-Provence sur les
           Particules Elémentaires: Aix-en-Provence, France, Sep 14-20, 1961},
  shorttitle = {Proceedings, Conférence Internationale d'Aix-en-Provence sur les
                Particules Elémentaires},
  publisher = {{CEN}},
  editor = {Crémieu-Alcan, E. and Falk-Vairant, Paul and Lebey, O.},
  date = {1962},
}

@article{mathieu_physics_2009,
  title = {The physics of glueballs},
  volume = {18},
  issn = {0218-3013},
  url = {https://www.worldscientific.com/doi/abs/10.1142/S0218301309012124},
  doi = {10.1142/S0218301309012124},
  abstract = {Glueballs are particles whose valence degrees of freedom are
              gluons and therefore in their description the gauge field plays a
              dominant role. We review recent results in the physics of glueballs
              with the aim set on phenomenology and discuss the possibility of
              finding them in conventional hadronic experiments and in the Quark
              Gluon Plasma. In order to describe their properties we resort to a
              variety of theoretical treatments which include, lattice {QCD},
              constituent models, {AdS}/{QCD} methods, and {QCD} sum rules. The
              review is supposed to be an informed guide to the literature.
              Therefore, we do not discuss in detail technical developments but
              refer the reader to the appropriate references.},
  pages = {1--49},
  number = {1},
  journaltitle = {International Journal of Modern Physics E},
  shortjournal = {Int. J. Mod. Phys. E},
  author = {Mathieu, Vincent and Kochelev, Nikolai and Vento, Vicente},
  urldate = {2025-01-31},
  date = {2009-01},
  note = {Publisher: World Scientific Publishing Co.},
  keywords = {glueballs, Gluons, mesons, {QCD}, {QGP} (Quark Gluon Plasma),
              quarks},
  file = {Submitted Version:/home/dene/Zotero/storage/VZCCP9LW/Mathieu et al. -
          2009 - The physics of glueballs.pdf:application/pdf},
}

@incollection{akaike_information_1998,
  location = {New York, {NY}},
  title = {Information Theory and an Extension of the Maximum Likelihood
           Principle},
  isbn = {978-1-4612-1694-0},
  url = {https://doi.org/10.1007/978-1-4612-1694-0_15},
  abstract = {In this paper it is shown that the classical maximum likelihood
              principle can be considered to be a method of asymptotic
              realization of an optimum estimate with respect to a very general
              information theoretic criterion. This observation shows an
              extension of the principle to provide answers to many practical
              problems of statistical model fitting.},
  pages = {199--213},
  booktitle = {Selected Papers of Hirotugu Akaike},
  publisher = {Springer},
  author = {Akaike, Hirotogu},
  editor = {Parzen, Emanuel and Tanabe, Kunio and Kitagawa, Genshiro},
  urldate = {2025-02-01},
  date = {1998},
  langid = {english},
  doi = {10.1007/978-1-4612-1694-0_15},
}

@article{schwarz_estimating_1978,
  title = {Estimating the Dimension of a Model},
  volume = {6},
  issn = {0090-5364, 2168-8966},
  url = {
         https://projecteuclid.org/journals/annals-of-statistics/volume-6/issue-2/Estimating-the-Dimension-of-a-Model/10.1214/aos/1176344136.full
         },
  doi = {10.1214/aos/1176344136},
  abstract = {The problem of selecting one of a number of models of different
              dimensions is treated by finding its Bayes solution, and evaluating
              the leading terms of its asymptotic expansion. These terms are a
              valid large-sample criterion beyond the Bayesian context, since
              they do not depend on the a priori distribution.},
  pages = {461--464},
  number = {2},
  journaltitle = {The Annals of Statistics},
  author = {Schwarz, Gideon},
  urldate = {2025-02-01},
  date = {1978-03},
  note = {Publisher: Institute of Mathematical Statistics},
  keywords = {62F99, 62J99, Akaike information criterion, asymptotics, dimension
              },
  file = {Full Text PDF:/home/dene/Zotero/storage/PERIVPSE/Schwarz - 1978 -
          Estimating the Dimension of a Model.pdf:application/pdf},
}

@article{wilson_resonances_2015,
  title = {Resonances in coupled \${\textbackslash}ensuremath\{{\textbackslash}
           pi\}K,{\textbackslash}ensuremath\{{\textbackslash}eta\}K\$ scattering
           from lattice {QCD}},
  volume = {91},
  url = {https://link.aps.org/doi/10.1103/PhysRevD.91.054008},
  doi = {10.1103/PhysRevD.91.054008},
  abstract = {Coupled-channel 𝜋⁢𝐾 and 𝜂⁢𝐾 scattering amplitudes are determined
              by studying the finite-volume energy spectra obtained from
              dynamical lattice {QCD} calculations. Using a large basis of
              interpolating operators, including both those resembling a 𝑞⁢¯𝑞
              construction and those resembling a pair of mesons with relative
              momentum, a reliable excited-state spectrum can be obtained.
              Working at 𝑚𝜋=391 {MeV}, we find a gradual increase in the 𝐽𝑃 =0+
              𝜋⁢𝐾 phase shift which may be identified with a broad scalar
              resonance that couples strongly to 𝜋⁢𝐾 and weakly to 𝜂⁢𝐾. The
              low-energy behavior of this amplitude suggests a virtual bound
              state that may be related to the 𝜅 resonance. A bound state with 𝐽𝑃
              =1− is found very close to the 𝜋⁢𝐾 threshold energy, whose coupling
              to the 𝜋⁢𝐾 channel is compatible with that of the experimental
              𝐾⋆⁡(892). Evidence is found for a narrow resonance in 𝐽𝑃=2+.
              Isospin-3/2 𝜋⁢𝐾 scattering is also studied, and nonresonant phase
              shifts spanning the whole elastic scattering region are obtained.},
  pages = {054008},
  number = {5},
  journaltitle = {Physical Review D},
  shortjournal = {Phys. Rev. D},
  author = {Wilson, David J. and Dudek, Jozef J. and Edwards, Robert G. and
            Thomas, Christopher E.},
  urldate = {2025-03-06},
  date = {2015-03-10},
  note = {Publisher: American Physical Society},
  file = {Accepted Version:/home/dene/Zotero/storage/VHE7I5CP/for the Hadron
          Spectrum Collaboration et al. - 2015 - Resonances in coupled \$
          ensuremath pi K,ensuremath eta K\$ scattering from lattice
          QCD.pdf:application/pdf;APS
          Snapshot:/home/dene/Zotero/storage/475EDVIZ/PhysRevD.91.html:text/html},
}

@article{aitchison_k-matrix_1972,
  title = {The \textit{K}-matrix formalism for overlapping resonances},
  volume = {189},
  issn = {0375-9474},
  url = {https://www.sciencedirect.com/science/article/pii/0375947472903053},
  doi = {10.1016/0375-9474(72)90305-3},
  abstract = {The relation between the potential theory and S-matrin approaches
              to the overlapping resonance problem is derived in an elementary
              way by relating both to the K-matrix approach. A generalisation of
              the formalism to the production of overlapping resonances in final
              states is given.},
  pages = {417--423},
  number = {2},
  journaltitle = {Nuclear Physics A},
  shortjournal = {Nuclear Physics A},
  author = {Aitchison, I. J. R.},
  urldate = {2025-03-06},
  date = {1972-07-17},
  file = {ScienceDirect
          Snapshot:/home/dene/Zotero/storage/7GDYMUTL/0375947472903053.html:text/html
          },
}

@book{blatt_theoretical_1979,
  location = {New York, {NY}},
  title = {Theoretical Nuclear Physics},
  rights = {http://www.springer.com/tdm},
  isbn = {978-1-4612-9961-5 978-1-4612-9959-2},
  url = {http://link.springer.com/10.1007/978-1-4612-9959-2},
  publisher = {Springer New York},
  author = {Blatt, John M. and Weisskopf, Victor F.},
  urldate = {2025-03-06},
  date = {1979},
  langid = {english},
  doi = {10.1007/978-1-4612-9959-2},
}

@article{von_hippel_centrifugal-barrier_1972,
  title = {Centrifugal-Barrier Effects in Resonance Partial Decay Widths, Shapes
           , and Production Amplitudes},
  volume = {5},
  url = {https://link.aps.org/doi/10.1103/PhysRevD.5.624},
  doi = {10.1103/PhysRevD.5.624},
  abstract = {(1) We review the experimental status of identifiable
              centrifugal-barrier effects in: (i) shapes of resonances, (ii)
              accounting for deviations in {SU}(2) and {SU}(3) predictions for
              ratios between partial decay widths, and (iii) accounting for the
              dependence on spin of the elastic widths of resonances lying on the
              same Regge trajectory. (2) We present a contour plot from which the
              "kinematic partial width" (centrifugal-barrier penetration factor
              times two-body phase space) of any resonance into any decay channel
              may be obtained immediately, given the orbital angular momentum,
              semiclassical impact parameter, and an assumed strong-interaction
              radius. Using this technique we display, as an example, the
              kinematically preferred decays of the high-spin mesons on the
              leading meson trajectory (assumed linear). (3) We obtain an
              approximate lower bound on the strong-interaction radius on the
              basis of general considerations. (4) We show that, for high-spin
              resonances, it can be expected that the mass enhancements in
              different decay channels associated with these resonances may be
              shifted by a half-width or so with respect to each other, because
              of different centrifugal-barrier effects in the different channels.
              (5) We also show that production cross sections of high-spin
              particles on leading linear trajectories by either formation or
              peripheral processes will be substantially suppressed by
              centrifugal-barrier effects. (6) Finally, we observe that the
              production cross sections and decay widths of mesons on the leading
              trajectory of the Veneziano model can be understood almost entirely
              on the basis of kinematical considerations if the radius of the
              region in which the decay particles interact strongly grows
              linearly with the mass of the decaying resonance.},
  pages = {624--638},
  number = {3},
  journaltitle = {Physical Review D},
  shortjournal = {Phys. Rev. D},
  author = {von Hippel, Frank and Quigg, C.},
  urldate = {2025-03-06},
  date = {1972-02-01},
  note = {Publisher: American Physical Society},
  file = {APS
          Snapshot:/home/dene/Zotero/storage/ICCN5766/PhysRevD.5.html:text/html},
}

@article{au_meson_1987,
  title = {Meson dynamics beyond the quark model: Study of final-state
           interactions},
  volume = {35},
  url = {https://link.aps.org/doi/10.1103/PhysRevD.35.1633},
  doi = {10.1103/PhysRevD.35.1633},
  shorttitle = {Meson dynamics beyond the quark model},
  abstract = {A scalar glueball is predicted in the 1-{GeV} mass region. The
              present analysis is concerned with experimental evidence for such a
              state. It has been proposed that glueballs should be preferentially
              produced in supposedly glue-rich processes such as ψ decay and
              double-Pomeron exchange. However, any meson of such a mass and
              quantum number has very restricted decay channels
              available—essentially only ππ and, if the mass allows, {KK}¯. In
              this case, any production process is very tightly correlated to
              elastic reactions, ππ→ππ and ππ→{KK}¯, by unitarity. Novel
              processes cannot then reveal effects that could not be seen in
              these elastic reactions. Nevertheless, they can valuably supplement
              this standard information where it lacks precision. Recent
              high-statistics results on central dimeson production at the {CERN}
              {ISR} enable us to perform an extensive new coupled-channel
              analysis of I=0 S-wave ππ and {KK}¯ final states. This
              unambiguously reveals three resonances in the 1-{GeV} region,
              𝑆1(991), 𝑆2(988), and ε(900), where the naive quark model expects
              just two. We discuss in detail these new features and how they may
              be confirmed experimentally, and give their present interpretation.
              The 𝑆1(991) is a plausible candidate for the scalar glueball. We
              examine other production reactions (heavy-flavor decays and γγ
              reactions) leading to the same final states, and discuss how, with
              future precision, these can probe fine details.},
  pages = {1633--1664},
  number = {5},
  journaltitle = {Physical Review D},
  shortjournal = {Phys. Rev. D},
  author = {Au, K. L. and Morgan, D. and Pennington, M. R.},
  urldate = {2025-03-06},
  date = {1987-03-01},
  note = {Publisher: American Physical Society},
  file = {APS
          Snapshot:/home/dene/Zotero/storage/3E5ER8GM/PhysRevD.35.html:text/html;Submitted
          Version:/home/dene/Zotero/storage/FCNHMBE9/Au et al. - 1987 - Meson
          dynamics beyond the quark model Study of final-state
          interactions.pdf:application/pdf},
}

@article{kopf_investigation_2021,
  title = {Investigation of the lightest hybrid meson candidate with a
           coupled-channel analysis of \$\$\{\{{\textbackslash}bar\{p\}\}p\}\$\$-
           , \$\${\textbackslash}pi {\textasciicircum}- p\$\$- and \$\$\{{
           \textbackslash}pi {\textbackslash}pi \}\$\$-Data},
  volume = {81},
  issn = {1434-6052},
  url = {https://doi.org/10.1140/epjc/s10052-021-09821-2},
  doi = {10.1140/epjc/s10052-021-09821-2},
  abstract = {A sophisticated coupled-channel analysis is presented that
              combines different processes: the channels \$\$\{{\textbackslash}pi
              {\textasciicircum}0{\textbackslash}pi {\textasciicircum}0{
              \textbackslash}eta \}\$\$, \$\$\{{\textbackslash}pi {
              \textasciicircum}0{\textbackslash}eta {\textbackslash}eta \}\$\$and
              \$\$\{K{\textasciicircum}+K{\textasciicircum}-{\textbackslash}pi {
              \textasciicircum}0\}\$\$from \$\$\{\{{\textbackslash}bar\{p\}\}p\}
              \$\$annihilations, the P- and D-wave amplitudes of the \$\${
              \textbackslash}pi {\textbackslash}eta \$\$and \$\${\textbackslash}
              pi {\textbackslash}eta {\textasciicircum}{\textbackslash}prime \$\$
              systems produced in \$\${\textbackslash}pi {\textasciicircum}-p\$\$
              scattering, and data from \$\$\{{\textbackslash}pi {\textbackslash}
              pi \}\$\$-scattering reactions. Hence our analysis combines the
              data sets used in two independent previous analyses published by
              the Crystal Barrel experiment and by the {JPAC} group. Based on the
              new insights from these studies, this paper aims at a better
              understanding of the spin-exotic \$\${\textbackslash}pi \_1\$\$
              resonances in the light-meson sector. By utilizing the K-matrix
              approach and realizing the analyticity via Chew-Mandelstam
              functions the amplitude of the spin-exotic wave can be well
              described by a single \$\${\textbackslash}pi \_1\$\$pole for both
              systems, \$\${\textbackslash}pi {\textbackslash}eta \$\$and \$\${
              \textbackslash}pi {\textbackslash}eta {\textasciicircum}{
              \textbackslash}prime \$\$. The mass and the width of the \$\${
              \textbackslash}pi \_1\$\$-pole are measured to be \$\$(1623 {
              \textbackslash}, {\textbackslash}pm {\textbackslash}, 47 {
              \textbackslash}, {\textasciicircum}\{+24\}\_\{-75\}){\textbackslash
              }, {\textbackslash}mathrm \{{MeV}/\}c{\textasciicircum}2\$\$and \$
              \$(455 {\textbackslash}, {\textbackslash}pm 88 {\textbackslash}, {
              \textasciicircum}\{+144\}\_\{-175\}){\textbackslash}, {
              \textbackslash}mathrm \{{MeV}\}\$\$.},
  pages = {1056},
  number = {12},
  journaltitle = {The European Physical Journal C},
  shortjournal = {Eur. Phys. J. C},
  author = {Kopf, B. and Albrecht, M. and Koch, H. and Küßner, M. and Pychy, J.
            and Qin, X. and Wiedner, U.},
  urldate = {2025-03-06},
  date = {2021-12-01},
  langid = {english},
  file = {Full Text PDF:/home/dene/Zotero/storage/6M78UH8V/Kopf et al. - 2021 -
          Investigation of the lightest hybrid meson candidate with a
          coupled-channel analysis of \$\$ bar p .pdf:application/pdf},
}

@article{chung_partial_1995,
  title = {Partial wave analysis in K-matrix formalism},
  volume = {507},
  rights = {Copyright © 1995 {WILEY}-{VCH} Verlag {GmbH} \& Co. {KGaA}, Weinheim
            },
  issn = {1521-3889},
  url = {https://onlinelibrary.wiley.com/doi/abs/10.1002/andp.19955070504},
  doi = {10.1002/andp.19955070504},
  abstract = {A description is given of the K-matrix formalism. The formalism,
              which is normally applied to two-body scattering processes, is
              generalized to production of two-body channels with finalstate
              interactions. A multi-channel treatment of production of resonances
              has been worked out in the P-vector approach of Aitchison. An
              alternative approach, derived from the P-vector, gives the
              production amplitude as a product of the T-matrix for a two-body
              system and a vector Q specifying its production. This formulation,
              called Q-vector approach here, has also been worked out. Examples
              of practical importance are given.},
  pages = {404--430},
  number = {5},
  journaltitle = {Annalen der Physik},
  author = {Chung, S. U. and Brose, J. and Hackmann, R. and Klempt, E. and
            Spanier, S. and Strassburger, C.},
  urldate = {2025-03-03},
  date = {1995},
  langid = {english},
  note = {\_eprint:
          https://onlinelibrary.wiley.com/doi/pdf/10.1002/andp.19955070504},
  keywords = {coupled channel analysis, K-matrix, overlapping resonances},
  file = {Snapshot:/home/dene/Zotero/storage/KCRBYBWF/andp.html:text/html},
}

@article{breit_capture_1936,
  title = {Capture of Slow Neutrons},
  volume = {49},
  url = {https://link.aps.org/doi/10.1103/PhysRev.49.519},
  doi = {10.1103/PhysRev.49.519},
  abstract = {Current theories of the large cross sections of slow neutrons are
              contradicted by frequent absence of strong scattering in good
              absorbers as well as the existence of resonance bands. These facts
              can be accounted for by supposing that in addition to the usual
              effect there exist transitions to virtual excitation states of the
              nucleus in which not only the captured neutron but, in addition to
              this, one of the particles of the original nucleus is in an excited
              state. Radiation damping due to the emission of 𝛾-rays broadens the
              resonance and reduces scattering in comparison with absorption by a
              large factor. Interaction with the nucleus is most probable through
              the 𝑠 part of the incident wave. The higher the resonance region,
              the smaller will be the absorption. For a resonance region at 50
              volts the cross section at resonance may be as high as 10−19 cm2
              and 0.5×10−20 cm2 at thermal energy. The estimated probability of
              having a nuclear level in the low energy region is sufficiently
              high to make the explanation reasonable. Temperature effects and
              absorption of filtered radiation point to the existence of bands
              which fit in with the present theory.},
  pages = {519--531},
  number = {7},
  journaltitle = {Physical Review},
  shortjournal = {Phys. Rev.},
  author = {Breit, G. and Wigner, E.},
  urldate = {2025-03-03},
  date = {1936-04-01},
  note = {Publisher: American Physical Society},
  file = {APS
          Snapshot:/home/dene/Zotero/storage/6892NLD5/PhysRev.49.html:text/html},
}

@article{mathieu_moments_2019,
  title = {Moments of angular distribution and beam asymmetries in η π 0
           photoproduction at {GlueX}},
  volume = {100},
  issn = {2470-0010, 2470-0029},
  url = {https://link.aps.org/doi/10.1103/PhysRevD.100.054017},
  doi = {10.1103/PhysRevD.100.054017},
  pages = {054017},
  number = {5},
  journaltitle = {Physical Review D},
  shortjournal = {Phys. Rev. D},
  author = {Mathieu, V. and Albaladejo, M. and Fernández-Ramírez, C. and Jackura
            , A. W. and Mikhasenko, M. and Pilloni, A. and Szczepaniak, A. P. and
            {Joint Physics Analysis Center Collaboration}},
  urldate = {2025-03-03},
  date = {2019-09-17},
  langid = {english},
  file = {Full Text:/home/dene/Zotero/storage/3UEKFUV8/Mathieu et al. - 2019 -
          Moments of angular distribution and beam asymmetries in η π 0
          photoproduction at GlueX.pdf:application/pdf},
}

@article{albrecht_coupled_2020,
  title = {Coupled channel analysis of \$\$\{{\textbackslash}bar\{p\}p\}{
           \textbackslash},{\textbackslash}rightarrow {\textbackslash},{
           \textbackslash}pi {\textasciicircum}0{\textbackslash}pi {
           \textasciicircum}0{\textbackslash}eta \$\$, \$\$\{{\textbackslash}pi {
           \textasciicircum}0{\textbackslash}eta {\textbackslash}eta \}\$\$ and
           \$\$\{K{\textasciicircum}+K{\textasciicircum}-{\textbackslash}pi {
           \textasciicircum}0\}\$\$ at 900 {MeV}/c and of \$\$\{{\textbackslash}
           pi {\textbackslash}pi \}\$\$-scattering data},
  volume = {80},
  issn = {1434-6052},
  url = {https://doi.org/10.1140/epjc/s10052-020-7930-x},
  doi = {10.1140/epjc/s10052-020-7930-x},
  abstract = {A partial wave analysis of antiproton–proton annihilation data in
              flight at 900 \$\${\textbackslash}mathrm \{{MeV}/\}c\$\$ into \$\$
              \{{\textbackslash}pi {\textasciicircum}0{\textbackslash}pi {
              \textasciicircum}0{\textbackslash}eta \}\$\$, \$\$\{{\textbackslash
              }pi {\textasciicircum}0{\textbackslash}eta {\textbackslash}eta \}\$
              \$ and \$\$\{K{\textasciicircum}+K{\textasciicircum}-{
              \textbackslash}pi {\textasciicircum}0\}\$\$ is presented. The data
              were taken at {LEAR} by the Crystal Barrel experiment in 1996. The
              three channels have been coupled together with \$\${\textbackslash}
              pi {\textbackslash}pi \$\$-scattering isospin I = 0 S- and D-wave
              as well as I = 1 P-wave data utilizing the K-matrix approach.
              Analyticity is treated using Chew–Mandelstam functions. In the fit
              all ingredients of the K-matrix, including resonance masses and
              widths, were treated as free parameters. In spite of the large
              number of parameters, the fit results are in the ballpark of the
              values published by the Particle Data Group. In the channel \$\$\{{
              \textbackslash}pi {\textasciicircum}0{\textbackslash}pi {
              \textasciicircum}0{\textbackslash}eta \}\$\$ a significant
              contribution of the spin exotic \$\$I{\textasciicircum}G=1{
              \textasciicircum}-\$\$ \$\$J{\textasciicircum}\{{PC}\}=1{
              \textasciicircum}\{-+\}\$\$ \$\${\textbackslash}pi \_1\$\$-wave
              with a coupling to \$\${\textbackslash}pi {\textasciicircum}0 {
              \textbackslash}eta \$\$ is observed. Furthermore the contributions
              of \$\${\textbackslash}phi (1020) {\textbackslash}pi {
              \textasciicircum}0\$\$ and \$\$K{\textasciicircum}*(892){
              \textasciicircum}{\textbackslash}pm K{\textasciicircum}{
              \textbackslash}mp \$\$ in the channel \$\$\{K{\textasciicircum}+K{
              \textasciicircum}-{\textbackslash}pi {\textasciicircum}0\}\$\$ have
              been studied in detail. The differential production cross section
              for the two reactions and the spin-density-matrix elements for the
              \$\${\textbackslash}phi (1020)\$\$ and \$\$K{\textasciicircum}
              *(892){\textasciicircum}{\textbackslash}pm \$\$ have been
              extracted. No spin-alignment is observed for both vector mesons.
              The spin density matrix elements have been also determined for the
              spin exotic wave.},
  pages = {453},
  number = {5},
  journaltitle = {The European Physical Journal C},
  shortjournal = {Eur. Phys. J. C},
  author = {Albrecht, M. and Amsler, C. and Dünnweber, W. and Faessler, M. A.
            and Heinsius, F. H. and Koch, H. and Kopf, B. and Kurilla, U. and
            Meyer, C. A. and Peters, K. and Pychy, J. and Qin, X. and Steinke, M.
            and Wiedner, U.},
  urldate = {2025-03-03},
  date = {2020-05-20},
  langid = {english},
  file = {Full Text PDF:/home/dene/Zotero/storage/2Z8KJCDF/Albrecht et al. -
          2020 - Coupled channel analysis of \$\$ bar p p ,rightarrow ,pi ^0pi
          ^0eta \$\$, \$\$ pi ^0eta eta \$\$.pdf:application/pdf},
}

@article{ali_installation_2020,
  title = {Installation and Commissioning of the {GLUEX} {DIRC}},
  volume = {15},
  issn = {1748-0221},
  url = {https://dx.doi.org/10.1088/1748-0221/15/09/C09010},
  doi = {10.1088/1748-0221/15/09/C09010},
  abstract = {The {GLUEX} experiment takes place in experimental Hall D at
              Jefferson Lab ({JLab}). With a linearly polarized photon beam of up
              to 12 {GeV} energy, {GLUEX} is a dedicated experiment to search for
              hybrid mesons via photoproduction reactions. The low-intensity
              (Phase I) of {GLUEX} was recently completed; the high-intensity
              (Phase {II}) started in 2020 including an upgraded particle
              identification system, known as the {DIRC} (Detection of Internally
              Reflected Cherenkov light), utilizing components from the
              decommissioned {BaBar} experiment. The identification and
              separation of the kaon final states will significantly enhance the
              {GLUEX} physics program, by adding the capability of accessing the
              strange quark flavor content of conventional (and potentially
              hybrid) mesons. In these proceedings, we report that the
              installation and commissioning of the {DIRC} detector has been
              successfully completed.},
  pages = {C09010},
  number = {9},
  journaltitle = {Journal of Instrumentation},
  shortjournal = {J. Inst.},
  author = {Ali, A. and Barbosa, F. and Bessuille, J. and Chudakov, E. and
            Dzhygadlo, R. and Fanelli, C. and Frye, J. and Hardin, J. and Hurley,
            A. and Ihloff, E. and Kalicy, G. and Kelsey, J. and Li, W. B. and
            Patsyuk, M. and Schwiening, J. and Shepherd, M. and Stevens, J. R.
            and Whitlatch, T. and Williams, M. and Yang, Y.},
  urldate = {2025-02-06},
  date = {2020-09},
  langid = {english},
  file = {IOP Full Text PDF:/home/dene/Zotero/storage/WGSM6V2Y/Ali et al. - 2020
          - Installation and Commissioning of the GLUEX DIRC.pdf:application/pdf},
}

@article{reid_generating_1984,
  title = {A generating function for Chew–Mandelstam functions},
  volume = {25},
  issn = {0022-2488},
  url = {https://doi.org/10.1063/1.526093},
  doi = {10.1063/1.526093},
  abstract = {We have obtained the generating function for Chew–Mandelstam
              functions for arbitrary integral angular momentum. From this a
              closed formula for the Chew–Mandelstam functions is derived in both
              the simple equal mass case and in the more complicated case of
              unequal masses.},
  pages = {3540--3544},
  number = {12},
  journaltitle = {Journal of Mathematical Physics},
  shortjournal = {Journal of Mathematical Physics},
  author = {Reid, J. H. and Trofimenkoff, N. N.},
  urldate = {2025-03-10},
  date = {1984-12-01},
  file = {
          Snapshot:/home/dene/Zotero/storage/NA9IBC2T/A-generating-function-for-Chew-Mandelstam.html:text/html
          },
}

@article{basdevant_unitary_1977,
  title = {Unitary coupled-channel analysis of diffractive production of the \$
           \{A\}\_\{1\}\$ resonance},
  volume = {16},
  url = {https://link.aps.org/doi/10.1103/PhysRevD.16.657},
  doi = {10.1103/PhysRevD.16.657},
  abstract = {Employing unitary coupled-channel 𝐽{PC} =1++ partial-wave
              amplitudes for the 𝜌⁢𝜋 and 𝐾*⁢¯𝐾 systems, we show that the mass
              dependence and phase variations of the diffractive data on 𝜋⁢𝑝
              →(𝜌⁢𝜋)⁢𝑝 are indicative of the presence of an 𝐴1 resonance whose
              mass and width we determine to be roughly 1.3±0.15 {GeV} and
              400±100 {MeV}, respectively. Our unitary amplitudes incorporate the
              Deck backgrounds explicitly. The fits to the data are excellent. We
              point out some interesting quantities to be measured in the future
              in order to resolve remaining uncertainties.},
  pages = {657--678},
  number = {3},
  journaltitle = {Physical Review D},
  shortjournal = {Phys. Rev. D},
  author = {Basdevant, J. L. and Berger, Edmond L.},
  urldate = {2025-03-10},
  date = {1977-08-01},
  note = {Publisher: American Physical Society},
  file = {APS
          Snapshot:/home/dene/Zotero/storage/PVD5EN7U/PhysRevD.16.html:text/html;Submitted
          Version:/home/dene/Zotero/storage/LZWCJFA8/Basdevant and Berger - 1977
          - Unitary coupled-channel analysis of diffractive production of the \$
          A _ 1 \$ resonance.pdf:application/pdf},
}

@article{oller_nd_1999,
  title = {\$N/D\$ description of two meson amplitudes and chiral symmetry},
  volume = {60},
  url = {https://link.aps.org/doi/10.1103/PhysRevD.60.074023},
  doi = {10.1103/PhysRevD.60.074023},
  abstract = {The most general structure of an elastic partial wave amplitude
              when the unphysical cuts are neglected is deduced in terms of the
              method. This result is then matched to lowest order, chiral
              perturbation theory (χ{PT}) and to the exchange (consistent with
              chiral symmetry) of resonances in the channel. The extension of the
              method to coupled channels is also given. Making use of the former
              formalism, the ππ and -wave scattering amplitudes are described
              without free parameters when taking into account relations coming
              from the expansion and unitarity. Next, the scalar sector is
              studied and good agreement with experiment up to is found. It is
              observed that the σ, and κ(900) resonances are meson-meson states
              originating from the unitarization of the χ{PT} amplitudes. On the
              other hand, the is a combination of a strong -wave meson-meson
              unitarity effect and a preexisting singlet resonance with a mass
              around 1 {GeV}. We also study the size of the contributions of the
              unphysical cuts to the ππ and elastic -wave amplitudes from χ{PT}
              and the exchange of resonances in crossed channels up to The loops
              are calculated as in χ{PT} at next to leading order. We find a
              small correction from the unphysical cuts to our calculated partial
              waves.},
  pages = {074023},
  number = {7},
  journaltitle = {Physical Review D},
  shortjournal = {Phys. Rev. D},
  author = {Oller, J. A. and Oset, E.},
  urldate = {2025-03-10},
  date = {1999-09-10},
  note = {Publisher: American Physical Society},
  file = {APS
          Snapshot:/home/dene/Zotero/storage/ILRGQL7E/PhysRevD.60.html:text/html;Submitted
          Version:/home/dene/Zotero/storage/IUKQVIZ3/Oller and Oset - 1999 - \$ND
          \$ description of two meson amplitudes and chiral
          symmetry.pdf:application/pdf},
}

@article{oller_chiral_2001,
  title = {Chiral dynamics in the presence of bound states: kaon–nucleon
           interactions revisited},
  volume = {500},
  issn = {0370-2693},
  url = {https://www.sciencedirect.com/science/article/pii/S0370269301000788},
  doi = {10.1016/S0370-2693(01)00078-8},
  shorttitle = {Chiral dynamics in the presence of bound states},
  abstract = {We study the S-wave kaon–nucleon interactions for strangeness S=−1
              in a novel relativistic chiral unitary approach based on coupled
              channels. Dispersion relations are used to perform the necessary
              resummation of the lowest order relativistic chiral Lagrangian. A
              good description of the data in the K−p, πΣ and πΛ channels is
              obtained. We show how this method can be systematically extended to
              higher orders, emphasizing its applicability to any scenario of
              strong self-interactions where the perturbative series diverges
              even at low energies. Discussions about the differences to existing
              approaches employing pseudo-potentials in a regulated
              Lippmann–Schwinger equation are included. Finally, we describe the
              resonance content of our meson–baryon amplitudes and discuss its
              nature.},
  pages = {263--272},
  number = {3},
  journaltitle = {Physics Letters B},
  shortjournal = {Physics Letters B},
  author = {Oller, J. A. and Meißner, Ulf-G.},
  urldate = {2025-03-10},
  date = {2001-02-22},
  file = {ScienceDirect
          Snapshot:/home/dene/Zotero/storage/JFWV3D5V/S0370269301000788.html:text/html;Submitted
          Version:/home/dene/Zotero/storage/28X793GS/Oller and Meißner - 2001 -
          Chiral dynamics in the presence of bound states kaon–nucleon
          interactions revisited.pdf:application/pdf},
}
